4784 6026
1010 593 1228 659 -17-

269 827 389 914 praedii
414 831 445 892 vi
468 827 604 894 fluminis
627 829 773 914 abrepta)
797 829 997 913 arboresque,
1020 847 1099 910 quas
1123 847 1227 892 secum
1252 829 1391 912 traxerit,
1414 829 1446 892 in
1465 847 1536 904 eum
1552 827 1682 893 fundum
1707 827 1830 894 radices
1846 831 1977 916 egerint,

268 955 307 1000 ex
331 956 368 1001 eo
391 945 532 1022 tempore
555 935 700 1002 videntur
722 937 825 1002 vicino
857 935 954 1002 fundo
987 936 1159 1018 acquisitae
1189 954 1258 1000 esse
1290 931 1331 1022 (t)'
1343 932 1376 1022 ¹).
1408 935 1449 1019 ll,
1486 935 1538 1019 25,
1578 956 1623 1019 pr.
1654 929 1787 1000 'Dicitur
1814 937 1975 1020 Augustus

267 1063 456 1109 convocasse
479 1043 675 1128 prudentes...
699 1050 730 1110 et
753 1045 952 1128 quaesisse...:
977 1050 1007 1108 et
1030 1043 1206 1108 Tribatium
1230 1043 1365 1107 suasisse
1388 1036 1547 1123 Augusto?

373 1167 468 1232 Cuius
500 1166 613 1233 indolis
645 1169 676 1232 in
708 1169 812 1252 priore
844 1169 1074 1233 Institutionum
1107 1173 1197 1252 parte
1230 1168 1305 1232 satis
1327 1168 1426 1231 multa
1450 1167 1569 1231 inveni:
1611 1168 1851 1252 inpos-teriora,
1893 1187 2021 1252 quae„

267 1273 427 1356 aliquanto
452 1275 623 1359 simplicius
647 1283 741 1360 atque
765 1274 991 1354 consideratius
1015 1275 1132 1360 scripta
1155 1281 1421 1366 esfflemauca,
1459 1281 1493 1338 ut
1537 1274 1681 1358 1V,6,rc:
1718 1269 1810 1340 ‘llum
1841 1295 1976 1360 quoquc,

266 1382 319 1462 qui
342 1381 547 1446 creditoribus
570 1382 634 1446 suis
657 1380 748 1446 bonis
771 1383 871 1466 cessit,
910 1383 937 1447 si
960 1389 1071 1468 postea
1093 1381 1212 1464 aliquid
1235 1381 1423 1464 acquisierit,
1454 1380 1537 1464 quod
1562 1380 1708 1446 idoneum
1732 1383 1976 1448 emolumentum

266 1487 388 1571 habeat,
423 1509 461 1554 er
495 1490 616 1571 integro
648 1490 680 1554 in
703 1488 744 1573 id,
776 1489 861 1572 quod
893 1490 998 1554 facere
1021 1495 1131 1574 potest,
1164 1487 1332 1554 creditores
1365 1507 1435 1552 cnm
1468 1507 1505 1553 eo
1529 1485 1776 1576 experiuntur.’²)
1821 1489 1878 1575 Ill,
1902 1491 1973 1574 3,3:

259 1595 496 1660 ‘Praeferuntur
518 1601 624 1662 autem
646 1597 741 1661 matri
756 1596 847 1662 liberi
866 1595 1013 1681 defuncti,
1037 1596 1090 1680 qui
1115 1597 1162 1661 sui
1186 1602 1257 1661 sunt
1280 1597 1372 1678 quive
1396 1615 1522 1660 suorum
1547 1597 1643 1661 loco...
1666 1597 1722 1661 sed
1746 1603 1776 1662 et
1795 1597 1880 1664 filiae
1895 1617 1972 1663 suae

263 1709 405 1766 mortuae
441 1703 523 1768 lilius
559 1704 611 1768 vel
647 1703 713 1768 lilia
749 1700 984 1789 praeponitur⁸)
1025 1723 1065 1768 ex
1096 1702 1374 1768 Constitutionihus
1404 1705 1497 1768 matri
1528 1702 1704 1788 defunctae,
1737 1703 1769 1768 id
1803 1711 1849 1769 est
1881 1706 1974 1770 aviae

263 1829 340 1874 suae
364 1801 460 1896 etc.’⁴)
497 1809 587 1888 Quae
610 1809 737 1894 quidem
762 1830 874 1894 parum
897 1810 1064 1893 diligenter
1087 1811 1203 1894 scripta
1221 1816 1309 1874 sunt:
1343 1817 1449 1876 tamen
1465 1817 1589 1894 praeter
1613 1812 1675 1878 ista
1701 1817 1796 1892 atque
1820 1831 1867 1896 ea,
1891 1832 1973 1895 quae

264 1935 360 2002 supra
384 1917 488 1982 rettuli
512 1937 532 1981 a
555 1916 731 2003 Theophilo
754 1919 786 1982 in
816 1917 1009 2001 Paraphrasi
1040 1925 1180 1984 correcta
1209 1936 1286 2000 esse,
1325 1936 1387 1982 non
1419 1917 1518 1982 multa
1548 1918 1662 1982 similia
1685 1918 1716 1982 in
1750 1919 1973 2002 posterioribus

263 2021 350 2088 libris
373 2025 524 2090 invenias.

371 2150 409 2213 tsst
441 2149 609 2216 verborum
641 2157 784 2234 tempora
816 2151 847 2213 in
880 2152 1058 2216 universum
1089 2170 1200 2234 parum
1234 2171 1253 2214 a
1277 2150 1492 2214 iureconsultis
1521 2151 1624 2214 curari
1655 2169 1750 2234 supra
1780 2151 1973 2216 demonstra-

260 2257 369 2340 vimus,
393 2258 438 2321 sic
461 2257 692 2346 cprnivrncticnes
716 2276 811 2341 saepe
834 2257 914 2341 alios
936 2257 1046 2322 modos
1068 2256 1154 2342 apud
1178 2257 1247 2322 illos
1270 2257 1397 2336 aliaque
1420 2265 1561 2340 tempora
1584 2258 1746 2340 recipiunt,
1769 2266 1863 2340 atque
1887 2259 1974 2342 apud

260 2363 361 2426 borrae
383 2365 562 2430 Latinitatis
585 2365 752 2450 scriptores
774 2365 872 2449 recipi
896 2367 1004 2432 solent.

366 2489 435 2564 (luo
466 2490 498 2552 in
526 2507 656 2553 numero
687 2495 734 2554 est
765 2491 1049 2582 coniunctius-um,
1089 2509 1183 2572 quam
1215 2489 1445 2589 etDorotherrs
1468 2497 1498 2552 et
1521 2488 1723 2574 Theophilus,
1747 2491 1812 2554 sive
1836 2492 1882 2554 vis
1906 2491 1973 2555 eius

237 2673 238 2676 Ἴ
258 2596 394 2660 causalis
417 2597 482 2660 sive
505 2597 686 2679 temporalis
709 2603 764 2680 est,
799 2598 973 2680 promiscue
997 2617 1067 2661 cum
1091 2596 1261 2660 indicativo
1284 2603 1314 2661 et
1331 2597 1526 2660 coniunctivo
1541 2605 1669 2680 ponunt,
1692 2598 1741 2661 vel
1758 2598 1861 2680 potius
1885 2597 1971 2662 illum

256 2701 383 2766 modum
407 2700 623 2788 praeferrrnt.⁵)
1191 2691 1215 2704 ¹*

364 2827 431 2891 Iam
461 2847 537 2892 vero
570 2829 600 2892 in
631 2830 847 2894 coniunctione
877 2829 967 2910 quur
985 2827 1145 2893 indicativi
1177 2847 1252 2894 usus
1284 2827 1370 2913 apud
1397 2836 1562 2912 utrumque
1594 2830 1774 2912 praevalet:
1815 2828 1970 2894 interdum

256 2940 370 3016 tamen,
409 2954 588 3018 quanquam
613 2937 712 3000 oratio
736 2957 797 3001 non
822 2945 868 3002 est
891 2955 1043 3021 suspensa
1065 2937 1115 3001 vel
1139 2936 1276 3020 obliqua,
1318 2937 1548 3020 opniunctivum
1587 2935 1746 3020 adhibent,
1776 2943 1810 3000 ut
1841 2938 1865 3020 l,
1900 2940 1970 3020 ql.

252 3038 350 3104 ‘Licet
374 3039 508 3125 domino,
533 3042 586 3124 qui
610 3041 759 3108 solvendo
782 3063 845 3106 non
869 3051 923 3128 est,
947 3050 1133 3109 testamento
1157 3062 1307 3110 servum...
1331 3043 1479 3109 heredem
1496 3045 1664 3128 instituere,
1667 3093 1709 3108 .....
1733 3044 1758 3107 si
1781 3061 1873 3108 nemo
1889 3045 1970 3110 alius

256 3165 295 3208 ex
320 3165 357 3210 eo
380 3155 565 3213 testamento
589 3147 679 3214 heres
702 3150 863 3234 exstiterit,
890 3162 945 3215 aut
968 3153 1043 3233 quia
1065 3169 1158 3216 nemo
1181 3150 1272 3216 heres
1295 3151 1428 3234 scriptus
1451 3151 1499 3234 sit,
1527 3156 1582 3214 aut
1605 3151 1679 3232 quia
1703 3151 1737 3234 is,
1761 3152 1814 3233 qui
1838 3153 1972 3235 scriptus

256 3263 310 3336 est,
334 3255 473 3336 qrralibet
497 3275 536 3320 ex
559 3276 655 3322 causa
678 3255 769 3322 heres
788 3277 853 3341 ,non
878 3256 1046 3322 exstiterit?
1582 3283 1585 3288 ·

362 3379 402 3464 ll,
435 3380 526 3464 ata:
551 3381 634 3445 ‘Non
665 3381 769 3446 statim
804 3383 1012 3466 exstinguitur
1032 3382 1322 3447 fideicommissaria
1344 3381 1481 3466 libertas,
1506 3381 1560 3446 sed
1589 3381 1738 3464 differtur,
1768 3381 1842 3464 quia
1872 3384 1970 3465 possit

255 3491 397 3570 tempore
420 3486 609 3570 procedente
633 3489 824 3572 ...praestari
846 3483 992 3554 libertas?

362 3593 401 3676 ll,
436 3594 522 3676 l,l(l:
560 3593 647 3660 ‘Ideo
680 3603 784 3660 autem
815 3615 920 3662 muros
953 3605 1077 3662 sanctos
1100 3597 1241 3680 dicimus,
1290 3597 1364 3679 quia
1395 3615 1497 3680 poena
1526 3596 1638 3680 capitis
1671 3597 1836 3660 constituta
1870 3597 1907 3660 sit
1938 3599 1969 3660 in

229 3680 316 3781 eos,
340 3701 392 3781 qui
415 3699 535 3784 aliquid
558 3701 589 3764 in
614 3721 718 3766 muros
741 3701 945 3783 deliquerint?

364 3913 386 3982 ¹)
404 3915 470 3984 Dig.
489 3915 604 3983 41‚1‚u,2
623 3915 670 3982 (cr
689 3915 751 3972 Gai.
775 3915 793 3970 l.
812 3915 837 3970 2.
856 3916 921 3970 Rer.
945 3914 1023 3985 cott.)
1042 3923 1116 3972 recte
1133 3909 1280 3972 ‘videtur...
1300 3917 1437 3986 acquisita
1456 3909 1527 3972 esse.²
1564 3945 1598 3955 -
1632 3917 1753 3986 Theoplr.
1782 3917 1811 3971 in
1832 3917 1967 3988 Parephr.

254 4013 303 4067 hoc
321 4013 378 4069 loco
391 4012 462 4069 idem
475 4013 586 4080 labitur,
605 4021 732 4070 vertens:
749 4007 847 4070 ‘zucra
864 4021 912 4082 (sc.
922 4021 956 4070 τὰ
970 4017 1083 4090 δένδρα)
1099 4026 1147 4088 τῆς
1161 4011 1229 4088 ἐμῆς
1243 4019 1393 4088 γενήσεται
1408 4007 1584 4076 δεσποτείαςῖ
1603 4045 1636 4055 -
1649 4013 1720 4070 Falli
1740 4020 1832 4070 autem
1851 4021 1957 4070 nostros

253 4126 307 4164 non
325 4109 451 4178 Digesta,
470 4111 617 4179 utrobique
635 4128 670 4167 ex
688 4113 832 4169 verborum
851 4119 981 4170 contextu
999 4119 1095 4184 aperte
1114 4113 1294 4182 cognoscitur.

360 4206 384 4275 ²)
404 4207 445 4264 Of.
464 4209 529 4278 Dig.
548 4208 645 4278 42,3‚4,
664 4227 719 4280 pn:
746 4203 791 4278 ‘Is,
812 4212 860 4282 qui
878 4212 955 4268 bonis
974 4213 1064 4279 cessit,
1094 4212 1118 4268 si
1137 4211 1202 4280 quid
1220 4217 1317 4281 postea
1335 4210 1503 4280 acquisierit,
1534 4210 1563 4265 in
1582 4217 1715 4280 quantum
1740 4212 1831 4268 facere
1855 4217 1956 4280 potest,

254 4298 430 4362 eovrvenitur?
449 4337 482 4346 —
493 4307 617 4362 Schrad:
634 4299 845 4365 ‘Anucoluthnm
858 4310 1016 4379 genuinum,
1036 4309 1094 4366 coll.
1107 4310 1173 4379 Dig.
1187 4307 1353 4364 conveniant
1366 4308 1413 4376 (?);
1433 4309 1504 4377 quod
1525 4309 1584 4364 hl.
1598 4317 1693 4364 auctor
1707 4309 1823 4365 scrihere
1837 4309 1957 4365 voluisse

252 4419 314 4458 mox
334 4403 427 4460 stilum
446 4405 598 4460 mutavisse
617 4399 743 4462 videtur?

361 4500 385 4568 3)
405 4501 448 4556 Sic
476 4501 599 4572 plerique
629 4503 704 4559 codd.
733 4504 801 4560 dett
824 4499 984 4576 ‘opponitur'
1017 4505 1093 4561 codd.
1121 4505 1225 4574 arntiqq.
1254 4505 1313 4560 edd.
1339 4505 1448 4560 Schrad.
1477 4505 1582 4575 llmeg.
1606 4503 1726 4578 Husclrlv.
1756 4535 1790 4544 -
1818 4505 1967 4574 Parapbc:

251 4599 292 4654 ‘ol
310 4611 358 4672 cqc
379 4603 581 4673 τελευτησάσης
602 4604 700 4662 παῖδες
721 4605 771 4658 oba
793 4601 858 4658 ἐῶσι
879 4607 1089 4679 κληρονομῆσαι
1111 4607 1163 4675 τὴν
1185 4603 1260 4658 ἰδίαν
1281 4594 1420 4675 μάμμην.’

362 4706 386 4775 ⁴)
405 4707 485 4763 Prius
504 4721 571 4761 suae
588 4725 637 4778 pro
656 4707 716 4763 eius
734 4707 782 4778 (sc.
801 4710 910 4780 matris)
929 4711 1047 4780 positum
1067 4717 1118 4776 est,
1148 4709 1284 4780 posterius
1304 4709 1337 4764 ad
1355 4701 1438 4764 ‘filius
1456 4709 1501 4766 vel
1520 4701 1582 4766 filia‘
1604 4711 1727 4780 pertinet
1755 4740 1789 4750 -
1819 4725 1883 4766 nem
1910 4710 1966 4764 ista

252 4819 344 4860 corum
370 4805 533 4873 coniectura,
553 4805 599 4875 qui
625 4813 754 4862 censeant
778 4824 872 4863 vocem
896 4807 1013 4878 priorem
1032 4821 1099 4860 succ
1118 4805 1219 4872 codem,
1242 4823 1295 4875 quo
1314 4822 1396 4876 supra
1415 4807 1474 4876 (qui
1492 4805 1539 4860 eui
1558 4806 1643 4874 sunt),
1674 4822 1754 4862 sensu
1773 4808 1890 4876 positum
1904 4822 1964 4861 esse

255 4903 280 4956 lr.
300 4902 317 4956 l.
337 4901 446 4958 minime
467 4902 607 4974 probabile
626 4904 746 4960 videtur.
1449 4969 1452 4974 .

360 4997 472 5068 Ὄθωνι
493 5001 1119 5073 cumindicativcex.gr.1.2,2;2,5;2,6;
1145 5001 1203 5069 3,l;
1231 5001 1290 5070 6,‘2;
1318 5001 1376 5070 6,3;
1395 5001 1453 5070 6,7;
1486 5002 1531 5068 17,
1550 5018 1605 5072 pr.;
1635 5003 1772 5070 11‚1,ii;
1805 5001 1881 5069 l,37;
1902 4999 1965 5068 5,1;

256 5096 308 5162 III,
329 5097 403 5167 1,14;
423 5100 498 5168 1,15;
518 5100 593 5168 1,1c;
612 5099 670 5168 2‚7;
691 5099 816 5169 2,8;1v‚
837 5101 897 5171 1,4;
918 5101 961 5169 1,6
980 5111 1031 5157 etc.

781 5215 784 5222 ·
1747 5208 1764 5262 3
