4784 6026
1021 584 1060 590 .-
1113 547 1151 607 15
1199 585 1232 589 -.

435 777 538 844 Simili
561 777 688 842 ratione
713 775 845 841 defendi
868 783 1005 858 possunt
1035 775 1192 857 llo-rptlrei
1226 777 1269 856 ll,
1311 772 1403 857 1,ΙΙ;
1438 769 1533 839 ‘Item
1564 793 1612 858 ea,
1651 793 1722 855 qum
1757 793 1798 838 en
1832 775 1980 840 hostibus

273 887 417 970 capimus
446 891 481 968 Ι),
520 885 590 950 inre
623 883 767 966 gerit-ium
791 882 904 948 statim
928 889 1042 947 nostra
1067 885 1092 964 ¹)
1116 881 1211 948 finnt:
1254 881 1336 949 adeo
1361 881 1498 962 quidem,
1539 887 1576 946 nt
1599 887 1633 946 et
1656 879 1751 946 liberi
1774 881 1919 946 bomiues
1947 883 1980 948 in

274 993 466 1060 servitutem
490 997 637 1056 nostram
661 991 687 1072 ³)
712 989 922 1070 deducantur,
959 987 1013 1069 crui
1037 994 1155 1072 tamen,
1195 989 1223 1054 si
1248 989 1415 1056 eraserint
1437 993 1584 1053 nostram
1610 987 1636 1048 *l
1661 993 1858 1069 potestatem
1882 998 1915 1054 ct
1939 991 1981 1054 ad

274 1121 349 1166 siros
373 1099 502 1166 reversi
525 1097 657 1178 fuerint,
697 1095 869 1178 pristinum
893 1101 1015 1161 statum
1037 1093 1214 1178 recipiunt',
1255 1095 1310 1161 nbi
1345 1095 1479 1177 primam
1509 1113 1681 1176 personam
1704 1094 1882 1160 adhibitam
1907 1115 1980 1160 esse

275 1209 317 1272 ad
340 1208 457 1272 malum
483 1223 575 1270 tamen
599 1203 787 1270 evitandum
811 1203 1012 1268 Scinaderus
1036 1209 1154 1283 argute
1178 1203 1374 1284 suspicatur.

433 1329 520 1406 Xilul
546 1349 623 1394 uero
648 1326 867 1410 encrrsationis
891 1327 1013 1404 babent
1035 1327 1079 1408 H,
1120 1323 1236 1410 abac:
1274 1325 1337 1391 ‘An
1367 1345 1463 1392 servo
1489 1326 1617 1391 heredis
1641 1321 1739 1392 ‘reete
1770 1327 1918 1408 legamus
1946 1333 1968 1405 ᾖΙ

273 1439 472 1520 pumilus...
498 1439 556 1502 sub
581 1433 767 1502 condicione
792 1453 870 1501 nero
894 1440 984 1499 recte
1008 1435 1148 1516 legatur,
1173 1441 1209 1499 ut
1233 1435 1445 1516 requiramus
1471 1453 1524 1518 au,
1549 1453 1610 1514 quo
1629 1440 1775 1515 tempore
1791 1435 1861 1500 dies
1877 1436 1981 1518 legati

272 1545 368 1627 cedit,
394 1544 426 1609 in
451 1549 616 1624 potestate
640 1541 769 1606 beredis
793 1560 857 1605 non
883 1535 943 1622 sit‘,
971 1545 1005 1606 et
1027 1541 1053 1622 Ι,
1082 1540 1131 1624 11,
1156 1563 1204 1623 pr.
1231 1541 1269 1606 1:
1290 1537 1374 1606 ‘Non
1391 1542 1491 1606 solum
1509 1541 1677 1606 naturales
1693 1541 1787 1606 liberi
1807 1543 1981 1608 secundum

273 1675 320 1731 ea,
347 1672 417 1734 qua
434 1652 581 1732 diximus,
606 1650 638 1714 in
658 1655 823 1732 potestate
840 1655 953 1716 nostra
972 1655 1057 1732 sunt,
1083 1668 1194 1714 rernm
1213 1650 1311 1714 ctiam
1330 1649 1362 1732 ii,
1388 1668 1467 1730 qnos
1485 1649 1687 1730 adoptamus
1713 1649 1854 1732 Adoptio
1872 1660 1980 1716 antem

273 1762 397 1826 dnobus
421 1757 525 1824 modis
548 1759 593 1839 fit,
619 1766 676 1822 ant
699 1756 878 1838 Principali
901 1756 1070 1838 rescripto,
1096 1777 1152 1822 auc
1177 1756 1311 1838 imperio
1335 1755 1560 1838 magistratus
1596 1756 1809 1837 Imperatoris
1840 1761 1980 1824 auctori-

273 1877 343 1933 tate
367 1859 568 1948 adoptamus'
592 1905 632 1910 —
658 1863 841 1929 memineris
866 1863 970 1944 ipsum
999 1866 1231 1945 Imperatorem
1260 1863 1348 1944 loqui
1379 1901 1421 1909 *
1446 1855 1514 1928 ‘eos
1551 1881 1660 1944 easvc,
1702 1863 1756 1944 qni
1786 1883 1899 1945 (putere
1931 1867 1980 1932 sni

269 1975 349 2040 iuris
374 1979 459 2054 suut,
485 1992 555 2053 orlac
579 1971 705 2053 specics
729 1968 911 2051 adoptionis
934 1970 1054 2035 dicitnr
1077 1969 1252 2054 arrogatio.
1301 1967 1438 2050 Imperio
1467 1968 1682 2050 magistratus
1706 1969 1897 2051 adoptamus
1923 1993 1979 2038 eos

271 2099 380 2162 casce,
406 2079 460 2161 qui
484 2097 598 2159 ‹prmre
622 2077 654 2142 in
670 2083 836 2158 potestate
852 2077 1034 2158 pmentium
1049 2084 1124 2142 sunt
1141 2075 1256 2162 certes)
1281 2073 1360 2159 erae
1376 2080 1503 2170 guanto
1520 2073 1587 2140 sint
1602 2075 1812 2174 neglegentia
1828 2093 1977 2160 apparet.

430 2203 504 2280 alio
528 2203 664 2286 quodam
684 2205 758 2284 ,loco
783 2210 888 2290 inruat
911 2202 1039 2282 quidem
1062 2201 1248 2282 Dorotheus
1272 2207 1305 2264 et
1329 2204 1476 2287 tempora
1500 2205 1533 2264 et
1556 2218 1725 2285 personae,
1766 2201 1825 2266 sed
1847 2202 1903 2284 ita,
1943 2217 1980 2270 ut

270 2311 472 2378 errrnuiatnm
497 2311 592 2392 prlaue
616 2309 774 2375 insulsum
810 2309 993 2374 exoriatur:
1029 2310 1071 2394 ll,
1095 2307 1164 2389 b,l:
1185 2305 1302 2390 ‘igitur
1324 2306 1417 2372 liberi
1442 2305 1547 2372 uestri
1571 2306 1741 2388 utriusque
1766 2327 1873 2392 senus,
1899 2331 1980 2392 utros

270 2580 358 2634 nimus
390 2607 423 2618 —-
452 2579 524 2632 baud
543 2593 604 2631 raro
624 2593 718 2646 parum
738 2587 824 2646 alatas,
845 2575 1015 2645 lnol'erendo,
1048 2591 1108 2628 cum
1127 2575 1211 2628 ceteri
1240 2573 1313 2627 illins
1341 2573 1442 2628 aetatis
1470 2573 1656 2638 iureconsulti,
1688 2584 1747 2630 tum
1775 2577 1982 2634 Institutionum

270 2675 396 2722 auctores
414 2667 495 2720 valdo
515 2666 698 2727 delectaritnr·;
719 2675 750 2720 ut
769 2662 791 2730 Ι,
811 2665 866 2730 2,2;
885 2664 1010 2718 'llomani
1030 2681 1046 2716 a
1067 2661 1186 2732 Qar'ra'uo
1207 2661 1329 2731 Quirites
1347 2663 1530 2732 appellantur.
1560 2692 1595 2702 —
1615 2661 1637 2730 l,
1657 2664 1713 2730 2,7:
1732 2666 1817 2720 'llaec
1836 2666 1884 2734 (sc.
1903 2685 1981 2737 prue-

270 2765 359 2811 torum
379 2757 469 2810 edicta
496 2757 580 2810 etiam
600 2754 644 2807 ius
662 2754 843 2808 lrottorurium
861 2756 977 2810 solemus
997 2753 1142 2822 appellare,
1168 2752 1238 2820 quod
1257 2751 1306 2819 qui
1323 2751 1452 2804 honorem
1468 2757 1578 2818 geram,
1598 2753 1625 2806 id
1650 2761 1693 2808 est
1717 2755 1906 2823 magistratus
1932 2775 1980 2813 au·

270 2846 427 2900 <toritatem
446 2845 507 2898 buic
528 2844 580 2898 iuri
600 2844 743 2898 dederunt.
772 2837 999 2912 'AliterTbeopln
1013 2841 1130 2910 Parapb.
1151 2842 1184 2894 ud
1204 2841 1234 2894 ].;
1250 2835 1300 2902 ιεἰς
1323 2845 1406 2912 τιμὴ-ν
1428 2851 1484 2896 τῶν
1506 2835 1656 2914 ἀρχόντωιῖ
1683 2849 1711 2896 et
1724 2843 1788 2912 Dig.
1803 2845 1827 2910 1,
1840 2848 1862 2911 Ι,
1874 2845 1925 2912 Ι,1
1947 2863 1981 2901 cn

270 2943 365 3012 l'apin.
379 2943 396 2996 l.
407 2942 431 2996 ἱ).
446 2943 533 2996 Delin.
543 2964 548 2994 :
560 2935 606 2995 ‘ad
618 2943 744 2996 bonorem
759 2947 915 3011 praetorum
929 2941 966 2996 sic
980 2931 1162 3000 nominatum,
1187 2955 1342 3008 quanquam
1355 2939 1447 3008 paullo
1461 2945 1522 3008 post
1534 2938 1599 3008 Dig.
1614 2938 1728 3006 1‚‘2,2,1o
1742 2957 1775 2994 ex
1785 2943 1979 3012 Pomponlibr.

271 3032 345 3101 Siug.
365 3031 517 3085 Enclririd.:
535 3031 618 3099 'quod
637 3031 670 3084 ab
690 3031 790 3084 bonore
816 3029 950 3099 praetoris
970 3029 1116 3090 verterat.)
1136 3057 1169 3065 —
1189 3025 1490 3093 tauctoritatem,
1510 3043 1543 3080 ex
1563 3044 1617 3095 qua
1636 3027 1719 3083 etiam
1740 3029 1819 3082 liberi
1838 3041 1979 3093 voearrtur.

269 3122 404 3176 naturalis
424 3121 542 3175 facultas
561 3121 627 3176 eius.
659 3121 729 3188 qnod
748 3120 845 3188 cuique
864 3121 953 3174 lacere
973 3118 1043 3172 libet.
1071 3118 1147 3173 -Ι,
1179 3117 1236 3182 3,3;
1255 3115 1343 3170 'Serri
1364 3133 1398 3170 ex
1417 3133 1448 3171 eo
1468 3117 1598 3186 appellati
1618 3125 1690 3183 strat,
1710 3121 1781 3186 quod
1803 3121 1980 3190 imperatores

279 3210 397 3278 :aptiros
415 3209 535 3263 candere
553 3209 649 3263 iubent
668 3225 698 3262 ac
717 3225 766 3277 per
785 3209 832 3262 boc
851 3223 958 3262 serrare
977 3224 1025 3262 nec
1045 3207 1165 3261 occidere
1185 3207 1281 3274 solent,
1310 3206 1357 3274 qni
1376 3207 1460 3260 etiam
1478 3205 1621 3270 menapia
1647 3207 1714 3260 dicti
1743 3215 1815 3274 sunt,
1844 3212 1914 3278 qarod
1945 3215 1978 3267 ab

269 3298 392 3352 bostilms
412 3312 495 3348 treuna
515 3300 677 3362 captantur.
718 3327 751 3335 -
771 3298 792 3362 I,
824 3297 917 3362 to,1·2:
955 3293 1056 3361 Spurii
1075 3297 1120 3350 rel
1148 3295 1290 3348 aGraeca
1313 3310 1379 3350 roca
1405 3293 1483 3362 quasi
1510 3297 1656 3367 σποράδην
1675 3298 1805 3365 concepti,
1838 3299 1882 3353 vel
1902 3304 1979 3368 otiosi

267 3395 329 3447 stne
343 3399 425 3462 putre
444 3395 501 3450 tilii.
542 3425 575 3432 —
606 3395 629 3460 Ι,
650 3393 724 3459 rap:
754 3387 874 3448 ‘Dictum
894 3401 937 3449 est
952 3393 1155 3460 postliminium
1176 3411 1193 3448 a
1212 3392 1306 3446 linetae
1325 3399 1354 3446 et
1370 3383 1448 3456 poet?
1474 3421 1508 3430 -
1527 3387 1550 3457 1,
1570 3391 1647 3458 13,2;
1666 3385 1858 3462 ¹Appellantnr
1877 3401 1979 3451 tutores
2006 3446 2008 3450 .

270 3483 347 3550 quasi
367 3482 480 3536 tuttores
499 3489 583 3550 atque
602 3483 764 3546 defensores,
785 3483 856 3536 sicut
874 3481 982 3535 aeditui
1000 3483 1128 3538 dicuntur
1147 3483 1193 3552 qui
1212 3481 1290 3534 aedes
1308 3481 1436 3534 ematur:
1459 3509 1492 3519 -
1511 3481 1548 3546 Π,
1569 3481 1610 3544 10,
1630 3497 1684 3550 pr.:
1714 3480 1926 3538 'Testamentum
1946 3505 1979 3542 cx

268 3585 299 3622 co
320 3571 482 3640 appellatur,
502 3571 573 3638 qarod
593 3570 699 3622 testatio
719 3569 816 3622 urentis
829 3577 887 3624 est.
908 3600 942 3609 —
961 3571 998 3634 ΙΙ,
1018 3571 1092 3625 tat:
1110 3574 1236 3628 'Veteres
1254 3567 1362 3624 heredes
1375 3587 1423 3639 pro
1437 3569 1551 3624 dominis
1571 3567 1617 3638 [=
1629 3567 1736 3640 berlai]
1749 3569 1979 3642 appellabant—-

267 3659 396 3719 111.6,4:
437 3659 614 3714 Consobrinus
633 3673 678 3712 eos
698 3660 804 3728 proprie
824 3665 924 3728 putant
943 3659 1004 3725 dici,
1024 3661 1070 3728 qui
1090 3677 1124 3716 ex
1143 3661 1249 3716 dualms
1268 3659 1403 3713 sororibus
1422 3665 1648 3728 progenerantur,
1668 3661 1748 3728 quusi
1770 3665 1975 3721 commortuos:

269 3777 302 3784 —
321 3749 373 3801 111.
394 3748 435 3812 lai,
455 3764 509 3816 pr:
528 3744 692 3813 ‘Stipatatto
711 3749 760 3802 boc
779 3747 885 3802 nominc
904 3748 966 3804 inde
986 3749 1083 3814 utitur,
1109 3751 1174 3820 quia
1192 3747 1328 3815 stipulum
1346 3747 1418 3817 opud
1438 3753 1546 3802 veteres
1564 3748 1670 3803 firmum
1690 3750 1887 3819 appellabatur,
1907 3753 1978 3808 forte

269 3851 286 3888 a
304 3833 398 3901 stipite
416 3829 595 3890 descendeus]
619 3867 653 3875 -
671 3837 719 3902 IV,
740 3836 796 3903 1,2:
814 3829 948 3890 ‘Eur-tum
967 3838 1012 3892 vol
1031 3855 1048 3892 a
1066 3837 1157 3903 fureo,
1177 3839 1204 3894 id
1223 3845 1266 3894 est
1284 3837 1371 3906 nigro,
1395 3837 1497 3890 dictum
1516 3843 1566 3902 est,
1592 3838 1663 3905 quod
1682 3838 1750 3892 clam
1769 3846 1798 3894 et
1817 3841 1927 3897 obscure
1947 3843 1978 3897 tlt

269 3931 297 3978 at
315 3925 473 3994 plerumque
491 3930 586 3982 nocte:
610 3925 655 3980 vel
674 3943 691 3980 a
707 3925 824 3991 troade:
857 3927 902 3980 rel
921 3942 937 3980 a
955 3925 1076 3992 ferendo,
1108 3927 1136 3982 id
1162 3933 1204 3982 est
1233 3925 1397 3982 auterendo:
1425 3926 1470 3980 vel
1493 3942 1510 3979 a
1537 3925 1642 3982 Graeco
1665 3943 1788 3982 sermone
1811 3931 1858 3997 qui
1885 3942 1981 4006 φῶρας

270 4023 409 4092 appellant
429 4023 511 4090 tures,
527 4023 607 4079 immo
631 4024 714 4078 etiam
740 4023 838 4078 Graeci
857 4019 912 4069 ἀπὸ
934 4027 983 4070 τοῦ
1004 4017 1101 4090 φέρειν
1123 4028 1217 4091 capae
1235 4017 1378 4080 distentat]
1401 4023 1501 4090 -IV,
1521 4023 1546 4090 l,
1570 4040 1628 4092 pu:
1653 4023 1847 4093 'Contumelia
1872 4045 1941 4098 quae
1961 4049 1977 4084 a

267 4111 460 4164 coeawmneado
479 4113 554 4166 dicta
571 4106 628 4166 est.²
651 4140 684 4149 -
703 4111 752 4176 IV,
773 4111 846 4178 15,1:
876 4111 1013 4166 'Obtinuit
1032 4113 1179 4168 interdicta
1199 4113 1338 4182 appellari,
1359 4113 1423 4182 quia
1444 4113 1517 4166 iuter
1536 4111 1605 4166 duaa
1626 4107 1774 4182 dicantur,'
1801 4125 1852 4171 etc.
1872 4127 1923 4172 etc.
1943 4147 1976 4157 -

268 4199 339 4265 Quas
364 4201 544 4272 etymologias
570 4202 713 4271 plerasque
741 4218 794 4256 nou
819 4202 853 4256 ab
878 4201 944 4270 ipsis
968 4202 1106 4256 Dorothco
1132 4213 1160 4258 et
1185 4202 1333 4272 Theophila
1358 4202 1530 4272 excogitatas
1560 4217 1619 4256 esse
1650 4220 1703 4258 nou
1734 4221 1801 4274 opus
1832 4213 1875 4260 est
1908 4225 1978 4262 cont-

266 4304 424 4344 memorare.

377 4394 398 4460 ¹)
426 4397 572 4465 capiuntur
598 4399 662 4468 Dig.
682 4398 798 4464 41,l,=')‚7
817 4397 863 4466 (ex
883 4399 936 4454 (lui
954 4400 972 4453 1.
991 4399 1016 4454 2.
1036 4400 1099 4454 Rer.
1119 4399 1197 4466 cott.)
1216 4399 1253 4453 id.
1272 4398 1333 4454 Gai.
1352 4400 1421 4454 Inst.
1439 4400 1477 4466 II,
1496 4399 1540 4454 69.

374 4484 398 4552 ²)
415 4479 596 4556 'capientium
619 4488 683 4557 Dig.

372 4573 396 4642 3)
416 4592 466 4630 om.
485 4575 549 4645 Dig.
568 4577 586 4630 l.
605 4577 631 4630 l..
650 4577 722 4646 apud
741 4576 840 4632 Gaium
860 4581 967 4632 tautum
987 4577 1072 4632 rerba
1089 4575 1167 4632 Ea
1185 4568 1260 4632 fiunt'
1281 4576 1423 4646 leguntur.

373 4663 397 4731 ⁴)
414 4665 479 4735 Dig.
496 4657 639 4721 ‘bostium'

374 4751 397 4819 ὃ)
417 4753 469 4808 Gai
488 4755 525 4822 Il,
544 4753 597 4808 244
613 4746 762 4824 ‘legemus'

373 4860 398 4928 ὓ)
418 4859 471 4916 Gai
489 4862 511 4928 Ι,
530 4861 622 4917 tit-99.
640 4862 705 4932 Dig.
726 4861 796 4929 1,7,2
809 4859 856 4931 (ex
869 4862 931 4918 Gai.
944 4864 962 4918 l.
981 4863 1007 4918 2.
1021 4863 1084 4917 Rcr.
1098 4860 1185 4930 cott.).
1205 4861 1369 4917 Sebradarus
1382 4862 1527 4918 secumdum
1543 4870 1572 4918 et
1590 4865 1703 4919 tertium
1717 4865 1784 4920 illud
1796 4857 1971 4936 ‘adoptamus'

266 4965 298 5003 ox
319 4965 465 5019 paucorum
484 4951 559 5006 codd.
579 4953 647 5008 dett.
667 4949 832 5007 auctoritate
851 4959 969 5018 amovet,
1000 4952 1090 5020 priore
1108 4952 1165 5006 loco
1182 4943 1325 5021 ‘adoptare
1346 4951 1408 5020 quis
1436 4943 1541 5021 potest,’
1574 4954 1724 5023 posteriore
1741 4945 1883 5023 ‘adoptare
1903 4957 1970 5010 licet

266 5037 449 5094 substituens:
468 5039 584 5108 primum
601 5031 777 5110 ‘adoptamus'
801 5047 829 5094 et
847 5041 905 5110 ipse
924 5041 1014 5096 babet.
1034 5039 1110 5108 Quod
1130 5042 1218 5110 ipsum
1237 5039 1395 5110 scriptorem
1414 5039 1444 5094 in
1463 5041 1560 5096 malam
1580 5049 1685 5112 partem
1705 5044 1843 5113 corrigere
1862 5055 1913 5099 est.
