4784 6026
1181 595 1376 654 --ss...

425 800 576 866 tironibus
599 802 734 866 l'uturnm
758 811 847 870 esset.
873 803 902 865 in
926 801 994 866 dies
1017 803 1118 885 iringis
1142 803 1285 885 eluceret,
1310 803 1533 885 Imperatorem
1550 803 1778 867 lustitutionum
1796 803 1890 868 libros
1914 803 2132 889 ervruponendo

423 907 677 973 adulescentibus
715 908 757 972 ad
796 909 871 972 iuris
908 908 1043 974 studium
1083 929 1150 974 sese
1189 909 1420 974 oont'ereutibns
1449 910 1538 991 quasi
1569 909 1673 974 subtus
1711 913 1888 980 ro·on;o;·‹te
1931 911 2131 993 Digestorum

424 1013 566 1099 patelieri
591 1016 724 1080 iussisse.
748 1015 867 1092 Quodsi
890 1015 1018 1108 (liquidis
1045 1017 1110 1081 lere
1134 1023 1224 1100 parte
1247 1015 1330 1079 illius
1353 1016 1481 1077 umioris¹
1504 1017 1607 1100 operis
1632 1025 1769 1100 peraeta,
1793 1025 1967 1100 postquam,
1991 1037 2060 1099 qun·
2085 1019 2100 1080 s
2119 1056 2131 1064 -

424 1131 493 1186 tura
514 1128 594 1186 esset
617 1131 801 1207 eonspeotns
823 1121 985 1186 cuiusdam
1010 1123 1135 1191 utilitas.
1155 1123 1312 1201 eognitum
1337 1129 1392 1197 est,
1416 1122 1640 1204 Imperatorem
1657 1123 1789 1186 velimus
1805 1123 2006 1204 Triboniano,
2029 1123 2130 1187 'lbeo-

426 1227 519 1312 pbilo,
544 1228 702 1292 Dorotbeo
726 1229 793 1292 eins
816 1228 969 1292 eondeudi
995 1230 1152 1312 negotium
1177 1227 1394 1292 mandavisse:
1437 1229 1498 1292 illis
1521 1230 1604 1300 viris,
1639 1249 1708 1292 eum
1733 1248 1839 1292 mense
1864 1229 2032 1294 Novembri
2057 1231 2131 1293 uum

425 1334 663 1416 quingentesimi
688 1335 834 1398 trieesimi
858 1335 939 1398 tertii
966 1337 1176 1400 lustitntiones
1199 1334 1291 1398 edita·
1315 1335 1383 1416 sint,
1408 1336 1478 1412 lere,
1497 1335 1654 1411 biernrimn
1679 1333 1719 1398 ad
1737 1355 1791 1398 eus
1806 1335 2015 1418 per-tieiendas
2038 1337 2133 1400 fnisse

424 1441 649 1522 collegerimus.
688 1439 779 1517 (iered
802 1443 950 1526 temporis
973 1443 1109 1526 spatimu
1132 1449 1219 1505 tauto
1243 1442 1329 1525 operi
1354 1461 1414 1504 nou
1440 1443 1567 1505 uirmmu
1592 1441 1723 1524 videtur,
1754 1444 1924 1525 prasertim
1948 1463 2027 1524 euru,
2062 1444 2130 1506 'l'ri-

424 1547 560 1612 boniauo
584 1567 645 1612 nou
669 1548 726 1612 nisi
746 1547 798 1610 ‘ad
823 1549 916 1612 totins
939 1550 1042 1632 ‹qneris
1066 1549 1324 1631 gubernationem
1341 1548 1492 1627 eleeto'b,
1521 1550 1697 1613 ninivensem
1724 1549 1835 1612 molem
1860 1550 1986 1630 reliquis
2009 1549 2133 1614 ‹lurdms

384 1731 387 1738 1
423 1655 499 1718 viris
522 1655 698 1737 impositam
723 1675 791 1718 esse
814 1662 1001 1738 repntenms.
1047 1655 1125 1720 (lum
1149 1655 1230 1719 enim
1255 1653 1390 1718 sedenim
1421 1655 1644 1719 inrevonsultos
1685 1655 1809 1722 leodem
1839 1655 2030 1720 'l'riboniano
2069 1676 2130 1720 nou

425 1769 644 1825 annumerato»
668 1781 724 1843 per
747 1767 894 1842 ‹pruenttuor
916 1781 1015 1824 enims
1044 1763 1073 1824 in
1098 1761 1330 1826 conseribendis
1355 1762 1553 1844 Digestorum
1587 1764 1814 1846 qninquaginta.
1844 1764 1931 1828 libris
1963 1771 2132 1845 oeeupatos

424 1868 519 1932 lbisse
542 1867 715 1949 videmnus,
756 1867 835 1931 ‹luros
859 1869 940 1932 viros
964 1889 1021 1952 per
1046 1869 1201 1932 biennium
1227 1869 1257 1931 in
1282 1875 1427 1950 (ptruttuov
1450 1870 1680 1934 Institutionum
1707 1871 1792 1934 libris
1815 1869 1985 1934 truetandis
2013 1871 2132 1934 versari

397 1974 560 2057 epotuisse
585 1993 644 2037 non
670 1975 911 2057 putaverimus?
937 2013 974 2018 -—
1001 1979 1183 2066 §errunouem
1208 1984 1311 2040 autem
1331 1977 1598 2059 eloeutiouernque
1618 1979 1847 2042 Institutionum
1872 1998 1928 2059 pro
1952 1978 2033 2040 illius
2057 1985 2131 2040 tem-

399 2083 509 2165 ipone
532 2081 656 2163 iugenio
681 2082 787 2164 utique
810 2083 907 2146 multo
930 2081 1175 2173 enuvendatiorenr
1200 2091 1294 2164 atque
1318 2066 1541 2166 elegantiorem
1567 2105 1633 2147 esse
1657 2081 1750 2165 (quirun
1778 2079 1975 2168 lligestornm
2000 2085 2132 2164 ‹piisqoe

423 2188 605 2272 diligentius
630 2188 828 2272 perpendens
852 2189 944 2252 luoile
969 2190 1126 2254 eorreedet-
1152 2215 1179 2252 -:
1204 2197 1287 2254 eerte
1312 2209 1421 2274 parurn
1447 2191 1595 2254 eredibile
1619 2191 1776 2254 videbitur·
1801 2190 2001 2258 ltorotbemn.
2026 2211 2043 2252 a
2068 2209 2130 2272 quo

425 2297 543 2377 priores
584 2293 663 2359 dum
705 2295 799 2360 libros
840 2297 997 2360 eetrrl'eetos
1027 2317 1095 2360 esse
1137 2296 1313 2360 llusebkins
1346 2296 1485 2379 disserit,
1528 2319 1616 2362 strom
1649 2299 1752 2380 (peris
1776 2305 1896 2381 pnvrteru
1922 2308 1985 2360 tam
2010 2305 2130 2368 utereturne

425 2401 605 2484 meurisse,
630 2409 661 2464 ut
686 2402 870 2494 'l‘beppbilq
894 2404 1073 2486 posterioris
1096 2404 1194 2486 partis
1217 2403 1378 2484 conditori,
1410 2403 1599 2487 l'orupbrnsi
1625 2404 1845 2486 explieundarn
1870 2403 1994 2494 trudere
2019 2411 2131 2486 posset.

423 2510 527 2589 ⁴ltquo
553 2509 651 2590 ipsam
676 2508 763 2570 illam
786 2507 1017 2592 Parapbrusiun,
1059 2531 1138 2593 opus
1161 2509 1442 2574 elnlmratissbumu
1476 2519 1570 2592 atquo
1601 2511 1867 2594 expolitissiumur.
1910 2512 1989 2572 iutru
2017 2493 2133 2590 pirri-“oi

424 2613 492 2679 dies
515 2621 615 2679 (tunm
639 2635 706 2680 esse
730 2617 781 2678 viv
807 2615 1039 2680 crediderimus.
1068 2617 1221 2699 lienique,
1250 2618 1274 2680 si
1299 2637 1386 2679 suant
1412 2627 1540 2699 uterque
1565 2619 1667 2700 opu-ris
1691 2625 1810 2700 portem
1835 2615 1875 2678 ad
1901 2617 1992 2678 linem
2019 2614 2131 2698 perdu-

425 2729 522 2804 xerat,
562 2721 746 2788 llorotbous.
786 2729 817 2786 ut
842 2723 981 2788 libellum
1006 2743 1096 2788 sunm
1120 2723 1295 2807 'l'beopbilo
1319 2723 1518 2788 eoruuuulave
1542 2733 1655 2808 posset,
1689 2723 1747 2804 bie,
1777 2733 1810 2788 ut
1833 2743 1948 2785 run'um
1972 2721 2130 2804 qrroddarn

425 2829 592 2910 nogotium,
616 2847 717 2910 noque
741 2827 773 2892 id
797 2830 899 2894 ruimus
922 2829 1121 2904 laboriosnm,
1145 2831 1324 2914 susciperet,
1348 2830 1422 2912 quud
1448 2839 1523 2907 erat,
1547 2852 1602 2894 eur
1619 2831 1829 2894 Institutiones
1852 2849 1889 2894 eo
1906 2838 2045 2912 tempore
2070 2847 2131 2890 non

425 2933 619 2998 ederentur?
661 2936 709 2998 ,ln
735 2935 819 3000 eredi
843 2943 945 3020 potest
968 2938 1192 3020 Imperatorem
1217 2938 1444 3002 Institutionum
1470 2937 1646 3018 editionem,
1674 2957 1744 3018 qum
1769 2957 1818 3000 res
1842 2937 1869 3000 ei
1895 2957 2024 3000 sueinum·
2047 2954 2130 2997 enne

423 3051 500 3108 orat.
523 3040 641 3106 dill'erri
665 3043 797 3126 iussisse,
820 3043 924 3124 quoad
949 3043 1113 3128 'l'beopbili
1138 3043 1345 3128 l’arapluusis
1367 3042 1407 3106 ad
1432 3045 1524 3108 tinem
1549 3043 1684 3108 addueta
1708 3051 1821 3108 esset?

532 3151 633 3225 littam
658 3149 786 3212 obrem
811 3149 1032 3234 l'arupbrasim
1058 3158 1130 3214 erute
1154 3151 1255 3214 editas
1280 3151 1490 3214 Institutiones
1514 3153 1686 3214 eonseeturn
1711 3170 1778 3214 esso
1809 3149 1884 3212 inibi
1919 3148 2044 3228 quidem
2073 3147 2129 3210 run-

425 3257 508 3320 nirne
533 3255 694 3338 probabile
718 3255 849 3321 videtur.

533 3362 694 3426 ber-edunt
719 3379 902 3442 argumenta
928 3363 1073 3446 quadam
1098 3385 1136 3428 ex
1162 3366 1228 3448 ipsa
1255 3362 1444 3446 l'arapluasi
1469 3365 1573 3447 petitu.
1613 3367 1739 3428 t'ornstat
1765 3364 1847 3428 enim
1872 3363 2033 3446 pertinebis
2057 3362 2133 3424 loeis

425 3471 653 3560 lustitntinuunr
679 3479 797 3554 panem
823 3471 957 3553 priorem
982 3479 1011 3534 et
1035 3469 1257 3558 l¹arapbrasiru
1284 3471 1361 3534 inter
1385 3491 1417 3534 se
1441 3470 1638 3554 diserepnru:
1680 3472 1767 3534 euius
1791 3471 1835 3532 rei
1860 3489 1929 3532 erun
1955 3466 2133 3532 lluseblrius

427 3561 576 3641 rurnnnulla
600 3575 689 3640 ell'ert
714 3579 897 3660 exenrpla²b
922 3586 985 3641 tum
1010 3598 1069 3660 ego
1092 3579 1189 3642 iruulta
1213 3577 1385 3658 adiungere
1410 3597 1543 3658 possum.
1585 3581 1663 3640 Sum
1697 3583 1800 3640 rudem
1831 3574 1902 3638 (lura
1926 3577 1993 3637 eius
2016 3573 2131 3637 disere-

426 3685 542 3768 pnutia·
566 3703 677 3748 (estruem.
702 3684 885 3768 (⁸ornplrrres
909 3685 990 3747 einim
1015 3684 1222 3768 l'erapbrasis
1246 3685 1305 3748 loei
1328 3682 1469 3748 doeent¹t
1489 3681 1709 3766 ‘Tbeopbilnm
1728 3684 1760 3746 in
1779 3681 1935 3765 prioribus
1959 3680 2045 3743 libris
2064 3686 2131 3742 tan-

429 3810 522 3870 quam
549 3811 567 3853 a
592 3811 625 3853 se
649 3791 759 3853 alionis
784 3789 929 3871 ‹ptiar-dum
959 3791 1001 3854 ibi
1025 3789 1108 3855 dieta
1133 3811 1193 3854 uon
1218 3791 1369 3875 probasse
1393 3801 1422 3854 et
1447 3790 1627 3868 eorreuisse,
1653 3789 1682 3851 iu
1708 3789 1778 3851 aliis
1802 3787 1842 3850 ibi
1867 3788 2008 3850 tractatis
2031 3787 2133 3849 prims

372 3962 378 3968 ,
425 3905 582 3960 versatum
608 3897 710 3978 luisse,
752 3896 832 3959 adeo
870 3907 899 3960 nt
937 3899 1085 3961 nornndla
1109 3907 1217 3961 eontra
1241 3899 1376 3962 arroteris
1400 3905 1535 3962 ruentem
1559 3905 1684 3979 eapevet
1708 3905 1738 3958 et
1762 3898 1913 3959 verteret!
1959 3891 2133 3976 'l'beopbilo

425 4013 538 4084 andern,
563 4005 588 4066 si
612 4023 645 4068 re
670 4025 743 4066 vern
769 4011 842 4068 arne
866 4003 967 4068 editas
994 4005 1202 4070 lustitutioues
1225 4004 1448 4090 l'arapbrasirn
1474 4003 1663 4086 eonseripsit.
1702 4001 1743 4065 ud
1769 4002 1825 4065 boe
1851 4001 2008 4080 negotium
2033 4000 2131 4062 boro-

425 4109 488 4174 tbei
511 4111 603 4174 etium
629 4110 733 4174 libello
758 4128 836 4195 opus
859 4117 933 4174 erent.
958 4117 1067 4194 tinere
1082 4113 1109 4174 ei
1133 4119 1311 4176 arrteeessor
1334 4112 1386 4176 ille
1412 4112 1591 4194 Berytensis
1614 4117 1668 4172 auu
1692 4110 1826 4173 nnuoitia
1870 4108 2132 4188 venerationeque

426 4218 565 4299 iringistri
602 4218 936 4302 t'tvrrstuntiuopolituui
960 4220 1009 4281 vel
1035 4217 1203 4283 arnrbitione
1227 4226 1336 4302 motus,
1360 4226 1422 4300 aut,
1447 4225 1479 4282 ut
1503 4214 1683 4281 Huseblrius
1707 4215 1831 4298 pruritu.
1865 4215 1948 4277 iussu
1973 4221 2002 4276 et
2026 4221 2132 4276 arneto-

427 4325 516 4390 ritato
540 4325 636 4408 ipsius
659 4325 835 4407 dnstiuiaui,
855 4320 899 4388 ‘ut
924 4327 1151 4390 lustitntioumn
1177 4327 1398 4410 interpretatio,
1422 4325 1510 4388 sieuti
1528 4323 1597 4387 libri
1618 4321 1737 4387 ineloles
1756 4321 1944 4406 postulabat,
1967 4321 2133 4402 riravgistre-

426 4433 486 4494 lem
511 4432 541 4494 iu
566 4429 691 4496 ltlrvdlllu
718 4433 812 4514 lieret,
849 4431 904 4494 boe
929 4441 974 4496 est
998 4441 1146 4514 tauquam
1172 4434 1196 4495 si
1221 4433 1310 4496 solito
1334 4439 1473 4514 teuqiore
1497 4451 1534 4493 ue
1558 4450 1643 4494 ruore
1668 4429 1879 4494 lustitutiones
1918 4428 1958 4490 ab
1993 4437 2131 4491 arrteees·

425 4559 494 4602 sore
519 4537 727 4622 explienndae
752 4542 890 4602 essent'?
933 4541 972 4602 nt
1005 4540 1096 4621 enim,
1129 4546 1285 4620 uteunque
1319 4557 1368 4603 res
1401 4557 1433 4602 se
1467 4537 1569 4601 lmbet.
1602 4537 1709 4600 lierine
1742 4537 1850 4618 potuit,
1885 4544 1917 4599 ut
1941 4533 2133 4620 'ljbeopbilns

425 4647 514 4708 istum
540 4643 763 4708 ‹lissonsiouenr
789 4665 915 4709 rruurrere
940 4653 1124 4729 pateretur?
1164 4646 1278 4729 {quoq
1297 4643 1442 4726 debelmt,
1483 4653 1536 4708 aiut
1570 4643 1710 4724 eollegue
1741 4643 1851 4722 gratia.
1891 4661 1971 4722 qrme
1996 4641 2075 4704 lirlsu
2102 4641 2132 4702 in

537 4843 558 4908 ¹)
578 4845 618 4896 tu.
638 4843 758 4896 llusebk.
778 4859 803 4909 p.
824 4843 886 4893 l'll.

534 4929 558 4986 ²l
577 4931 697 4984 llusebk.
717 4947 742 4999 p.
763 4931 797 4982 Xl
820 4946 859 4997 sq.

533 5019 557 5086 n,
577 5021 697 5074 lluseblr.
718 5037 742 5088 p.
762 5019 810 5071 Xl.

535 5109 559 5164 ⁴'l
579 5110 699 5164 llusebk.
719 5127 744 5176 p.
765 5109 813 5160 l'l.
