4784 6026
1206 619 1424 684 ,26-

560 839 579 922 ξ
605 835 664 900 12ε
687 831 764 901 ‘Sed
788 836 827 899 de
853 835 990 915 publicis
1014 834 1143 899 iudiciis
1167 835 1248 899 haec
1272 834 1489 916 exposuimus
1515 840 1551 900 ut
1582 833 1676 900 vohis
1705 833 1861 915 possibile
1896 833 1939 898 sit
1971 851 2092 898 summo
2121 833 2167 897 di-

453 944 522 1020 gito
548 951 581 1008 et
601 942 695 1023 quasi
718 961 777 1023 per
800 941 937 1006 iudicem
962 959 1001 1006 ea
1026 940 1190 1023 tetigisse.
1217 939 1357 1022 alioquin
1384 941 1573 1022 diligentior
1593 959 1703 1006 eorum
1727 940 1866 1006 scientia
1890 939 1983 1005 uobis
2010 959 2049 1004 ex
2073 938 2167 1004 latio-

364 1124 367 1130 ,
451 1050 542 1115 ribus
567 1049 777 1131 Digestorum
802 1048 874 1114 sive
898 1047 1139 1113 Pandeetarum
1162 1047 1255 1112 libris
1280 1048 1340 1112 deo
1365 1047 1506 1128 propitio
1530 1047 1715 1113 adventura
1738 1048 1806 1112 est'.
1832 1047 2045 1112 Locutionum
2072 1045 2166 1110 lotio-

451 1177 501 1220 res
525 1155 729 1238 Dipestorum
755 1154 831 1218 lihri
854 1174 918 1219 non
941 1153 975 1228 in
1000 1153 1107 1234 priore
1131 1159 1227 1234 parte
1251 1153 1401 1235 inveniri,
1428 1173 1527 1235 saepe
1555 1153 1589 1218 in
1623 1151 1816 1234 posteriore,
1846 1152 1910 1218 iam
1944 1171 2045 1233 supra
2055 1155 2079 1235 1)
2111 1171 2167 1216 an-

452 1263 575 1328 notavi.
600 1261 788 1328 Huschkius
814 1259 926 1345 vero²)
951 1260 1034 1325 hauc
1058 1269 1161 1326 totam
1185 1259 1259 1346 §um
1284 1281 1347 1342 qua
1366 1259 1544 1342 ‘sapientia
1572 1260 1795 1342 Imperatoris
1830 1260 1903 1324 rudi
1935 1259 2164 1341 discipulorum

451 1367 582 1450 ingenio
607 1369 783 1450 parcentis,
810 1374 897 1433 tecte
925 1362 1094 1449 laudetur',
1125 1367 1285 1433 Dorothei
1313 1387 1441 1433 ananum
1472 1367 1610 1448 prodere
1640 1367 1817 1432 contendit.
1848 1367 1893 1432 At
1920 1371 1958 1431 ut
1986 1366 2164 1432 ommittam

452 1474 550 1539 etiam
575 1474 716 1539 inlibris
736 1475 797 1540 III.
816 1481 850 1538 et
873 1476 930 1540 IV.
955 1493 1183 1554 nonnunquam
1206 1475 1439 1555 Imperatorem
1457 1473 1591 1540 modicis
1619 1472 1811 1554 quibusdam
1834 1473 1984 1539 laudibus
2020 1473 2166 1546 extollih

448 1580 544 1661 idque
580 1581 613 1645 in
647 1580 710 1646 fine
746 1581 892 1647 universi
928 1581 1036 1662 operis
1071 1581 1200 1646 minime
1228 1581 1395 1664 indignum
1431 1581 1545 1662 videri,
1584 1581 1634 1646 his
1665 1581 1769 1646 isdem
1804 1579 1915 1648 verbis
1952 1579 2166 1661 Theophilum

451 1686 553 1752 totius
579 1686 680 1752 Tituli
704 1698 868 1752 auctorem
894 1707 967 1752 esse
992 1688 1219 1769 propemodum
1244 1687 1286 1752 ad
1310 1695 1433 1752 certum
1459 1687 1566 1770 redigi
1590 1706 1717 1752 censeo.
1743 1687 1889 1766 Namque
1913 1685 1969 1768 IV,
2002 1683 2055 1766 13,
2080 1688 2100 1750 6
2124 1685 2166 1750 si-

452 1792 616 1856 millimam
640 1794 812 1858 verborum
838 1793 1157 1874 comprehensionem
1185 1794 1388 1860 invenimus:
1408 1794 1513 1859 ‘Haec
1537 1795 1676 1875 exempli
1693 1812 1793 1859 causa
1816 1792 1985 1858 rettulisse
2010 1791 2163 1858 sufficiet.

453 1901 596 1980 alioquin
621 1917 716 1980 quam
741 1919 781 1965 ex
804 1901 914 1966 multis
940 1901 1106 1982 variisque
1131 1902 1238 1967 causis
1263 1901 1472 1983 exceptiones
1496 1901 1705 1967 necessariae
1730 1900 1806 1982 sint,
1838 1919 1878 1964 ex
1906 1899 2079 1964 latioribus
2110 1899 2167 1964 Di·

453 2011 621 2088 gestorum
645 2025 702 2072 sen
728 2006 969 2072 Pandectarum
992 2008 1084 2073 libris
1108 2007 1257 2090 intellegi
1281 2009 1410 2088 potest?
1435 2008 1526 2072 Haec
1549 2007 1611 2073 duo
1644 2005 1814 2072 enuntiata
1838 2005 1893 2087 qui
1916 2005 2003 2070 inter
2029 2024 2065 2070 se
2090 2024 2164 2070 con-

453 2111 607 2194 tenderit,
633 2112 837 2178 diversorum
862 2114 1058 2195 scriptorum
1082 2133 1156 2180 esse
1180 2113 1243 2179 sihi
1267 2119 1357 2180 certe
1381 2133 1445 2180 non
1468 2113 1690 2195 persuadebit..

562 2219 685 2302 Quibus
710 2221 857 2286 omnibus
881 2221 1061 2287 coniunctis
1092 2221 1304 2304 Theophilum
1333 2222 1430 2288 etiam
1460 2222 1617 2304 postremi
1644 2221 1888 2287 Institutionum
1924 2219 2025 2286 Tituli
2053 2225 2164 2285 auoto-

454 2325 648 2392 neminisse
673 2327 715 2392 ad
739 2326 894 2407 liquidum
918 2327 1167 2410 confessumque
1192 2329 1326 2411 perduoi
1357 2329 1497 2394 videtur.

564 2523 586 2589 1)
605 2541 631 2593 p.
644 2523 687 2576 23.

558 2609 585 2678 2)
604 2613 635 2666 L.
654 2612 672 2666 l.
692 2629 718 2682 p.
737 2613 786 2666 IX.

560 2699 584 2768 ³)
603 2701 645 2755 cf.
663 2707 773 2770 praeter
804 2717 885 2770 supra
916 2701 1029 2756 laudata
1060 2701 1143 2756 etiem
1174 2697 1227 2767 ΙΙΙ,
1260 2703 1284 2766 o,
1311 2703 1345 2754 u:
1381 2697 1445 2754 'Sed
1475 2717 1536 2755 eum
1566 2701 1655 2768 magis
1675 2700 1779 2754 veritas
1810 2699 1920 2756 oculata
1944 2699 1996 2754 lide
2016 2715 2097 2768 quam
2117 2715 2165 2768 per

455 2805 535 2844 aures
554 2789 652 2844 animis
670 2790 807 2844 homiuum
827 2789 959 2858 infigitur,
991 2789 1051 2844 ideo
1071 2789 1253 2844 necessarium
1273 2789 1398 2844 duximus
1422 2795 1483 2858 post
1502 2789 1687 2844 narrationem
1706 2789 1842 2858 graduum
1860 2788 1945 2844 etiam
1964 2805 2009 2843 eos
2023 2789 2162 2858 praesenti

457 2879 525 2933 libro
544 2878 663 2944 inscribi,
692 2884 827 2948 quatenns
846 2878 952 2948 possint
979 2885 1007 2932 et
1027 2878 1138 2933 auribus
1164 2885 1190 2932 et
1211 2877 1377 2947 inspectione
1397 2877 1586 2932 adulescentes
1604 2877 1829 2946 perfectissimam
1850 2877 1985 2940 graduum
2015 2876 2167 2931 doctrinam

457 2967 588 3036 adipisci·
