4784 6026
1111 445 1331 512 *18-

360 665 361 670 ’
473 660 496 743 1,
524 660 592 743 10,r
604 683 611 722 :
648 659 694 724 ‘Si
721 659 825 725 adhuc
852 661 917 726 tilia
945 662 1011 726 eius
1039 661 1095 727 tibi
1122 669 1220 747 nupta
1248 669 1302 747 est,
1346 662 1417 728 ideo
1453 660 1665 746 impediuntur
1698 663 1836 747 nuptiae,
1882 665 1957 746 quia
1998 661 2081 728 duos

367 785 481 831 uxores
505 765 621 832 hahere
645 787 707 834 non
731 765 875 855 possis’1)

471 871 587 938 Contra
618 894 681 938 uou
711 873 788 956 puio
815 894 887 940 oum
915 875 1084 943 indicativo
1112 877 1136 961 Ι,
1183 875 1234 962 17,
1270 898 1333 961 pu:
1369 879 1451 944 ‘Non
1481 880 1555 962 quia
1579 879 1763 944 nominatim
1797 897 1836 942 ea
1859 878 1930 961 lege
1953 875 2078 942 dehac

366 980 465 1044 tutela
489 987 626 1065 cavetur,
650 981 705 1046 sed
730 983 805 1062 quia
827 981 959 1066 perinde
982 992 1114 1068 accepta
1137 993 1183 1050 est
1206 1003 1263 1069 per
1278 985 1574 1072 interpretationem,
1598 993 1692 1068 atque
1708 987 1734 1052 si
1757 985 1861 1050 verbis
1882 985 1963 1066 legis
1981 985 2075 1049 intro-

365 1083 461 1150 ducta
484 1077 579 1152 esset.‘
625 1086 717 1164 Quod
739 1089 772 1152 in
795 1089 882 1154 libris
904 1089 1042 1156 111-1v
1064 1109 1126 1156 non
1150 1093 1313 1157 invenitur.

476 1196 511 1258 In
541 1197 713 1280 posteriore
740 1203 830 1281 parte
858 1198 911 1282 IV,
942 1199 1030 1283 uls:
1061 1199 1156 1263 ‘Nam
1185 1200 1211 1265 si
1240 1199 1390 1265 solvendo
1418 1220 1480 1266 non
1508 1208 1587 1284 sunt,
1627 1209 1708 1286 tunc,
1747 1201 1822 1282 quia
1850 1199 1891 1264 ab
1916 1202 1961 1266 eis
1985 1219 2075 1265 suum

367 1299 511 1368 dominus
535 1302 682 1384 consequi
705 1323 767 1369 non
790 1305 888 1393 possit
911 1303 946 1391 ²),
970 1306 1029 1390 ipsi
1052 1304 1179 1371 domino
1203 1307 1276 1374 furti
1300 1307 1381 1372 actio
1405 1301 1567 1392 competit?

474 1409 527 1494 IV,
555 1409 621 1494 8,6:
644 1406 690 1474 ‘Si
717 1411 839 1476 alienus
871 1431 979 1478 servus
1011 1413 1139 1478 noxiam
1167 1413 1224 1478 tibi
1247 1415 1435 1479 commiserit
1458 1420 1489 1479 et
1512 1414 1539 1479 is
1561 1419 1672 1498 postea
1694 1414 1727 1477 in
1750 1419 1904 1498 potestate
1925 1419 1980 1477 tua
1998 1415 2082 1478 esse’

368 1519 513 1602 coeperit,
551 1517 708 1583 intercidit
730 1519 822 1604 actio,
861 1521 937 1602 quia
960 1521 990 1584 in
1015 1540 1087 1586 eum
1111 1539 1218 1586 casum
1241 1520 1378 1588 deducta
1402 1522 1450 1604 sit,
1488 1521 1522 1586 iu
1544 1540 1607 1604 quo
1630 1521 1799 1586 consistere
1822 1539 1883 1585 non
1914 1519 2014 1603 potuit
2037 1514 2073 1606 ⁸).

474 1641 537 1708 Sed
566 1643 645 1708 haec
674 1643 800 1726 quidem
828 1663 899 1709 rara
929 1653 960 1710 et
987 1646 1119 1711 sortasse
1151 1645 1348 1711 excusanda:
1376 1647 1447 1730 plus
1471 1645 1649 1710 offensionis
1672 1644 1771 1729 affert,
1805 1644 1889 1726 quod
1913 1643 2084 1746 corrigat,

368 1768 437 1813 cum
462 1769 644 1830 prraupuuru
666 1752 719 1816 vel
742 1752 885 1832 utrumuis
907 1753 1021 1836 valeat,
1045 1754 1077 1816 in
1100 1759 1233 1835 utraque
1256 1761 1346 1836 parte
1370 1771 1465 1838 saepe
1481 1772 1552 1816 cum
1570 1751 1740 1817 indicativo
1759 1752 1893 1836 ponitur,
1916 1758 1959 1834 ut,
1985 1751 2073 1834 136:

365 1845 410 1919 ‘si
433 1857 570 1920 alienam
593 1877 766 1941 purpuram
789 1859 859 1939 quis
882 1859 1014 1924 intexuit
1037 1879 1093 1924 suo
1115 1859 1307 1944 vestimento,
1349 1859 1421 1924 licet
1443 1859 1607 1944 pretiosior
1630 1865 1676 1924 est
1698 1877 1848 1944 purpura,
1890 1859 2080 1923 accessionis

367 1962 436 2027 rice
459 1961 541 2027 cedit
564 1961 761 2048 vestimento,
788 1972 819 2030 et
842 1965 898 2049 ΙΙΙ,
923 1968 1010 2050 1,11;
1045 1960 1225 2031 ‘Naturales
1249 1965 1437 2052 emancipati
1456 1965 1608 2031 beneficio
1631 1967 1785 2050 praetoris
1807 1963 1941 2048 gradum
1965 1964 2076 2028 libero-

365 2090 435 2133 rum
458 2070 601 2154 retinent,
623 2071 696 2136 licet
718 2072 786 2136 iure
809 2072 893 2137 civili
915 2068 1094 2156 perdunt.'⁴)

476 2195 732 2263 Coniunctionem
763 2217 944 2288 puoupaum
976 2217 1100 2283 semper
1129 2218 1201 2291 cum
1233 2198 1411 2281 indicativo,
1459 2198 1601 2291 Quam&
1633 2199 1818 2282 plerumque
1847 2215 1917 2284 oum
1950 2196 2076 2260 coniun-

368 2302 458 2388 ctiyo,
483 2302 647 2388 interdum,
670 2305 855 2388 praesertim
879 2306 904 2370 si
928 2325 1056 2370 resnou
1073 2307 1193 2371 incerta
1211 2307 1323 2390 agitur,
1342 2325 1413 2371 cum
1430 2303 1598 2370 indicativo
1636 2308 1662 2387 ⁵)
1678 2306 1810 2388 iungunt
1829 2304 1935 2368 nostri.
1954 2301 2075 2366 Eadem

368 2408 489 2474 ratione
513 2409 571 2474 etsi
594 2419 625 2475 et
649 2411 773 2476 turuetsi
797 2413 1028 2478 coniunctivum
1053 2413 1192 2498 recipere
1216 2411 1381 2498 possuntss).

477 2531 662 2619 Postquam,
708 2535 804 2600 sirmii
835 2542 935 2621 utque,
978 2558 1048 2602 crum
1080 2537 1219 2624 primurm
1249 2539 1316 2602 sim.
1348 2539 1414 2603 iere
1437 2556 1508 2602 curu
1531 2539 1635 2602 futuro
1658 2544 1770 2602 exacto
1794 2533 1821 2621 7)
1844 2539 2010 2618 ponuntur,
2041 2537 2075 2595 ut

368 2641 407 2722 ΙΙ,
434 2641 521 2724 1,12;
556 2634 666 2706 ‘Simul
690 2621 786 2726 atoue
806 2629 904 2728 capta
928 2627 1064 2728 fuerint’3
1102 2645 1142 2729 ΙΙ,
1182 2644 1269 2729 1,45;
1288 2639 1400 2710 ‘Simul
1423 2652 1518 2726 atque
1542 2646 1648 2709 claves
1671 2640 1861 2724 tradiderit,
1900 2639 1939 2723 ΙΙ,
1981 2639 2071 2722 16,1;

363 2744 546 2830 ‘Postquam
569 2747 742 2814 adoleverit
750 2744 763 2834 ;'
790 2751 846 2834 ΙΙΙ,
881 2751 934 2836 23,
972 2772 1035 2837 pu:
1055 2747 1166 2816 ‘Simul
1189 2759 1283 2832 atque
1306 2750 1347 2816 de
1369 2751 1470 2836 pretio
1493 2751 1672 2817 convenerit
1681 2753 1693 2835 3’
1732 2749 1787 2832 ΙΙΙ,
1826 2747 1899 2832 23,3
1923 2743 1994 2831 (id.)
2018 2750 2076 2809 etc.

367 2854 409 2918 At
432 2855 472 2938 ΙΙ,
495 2855 584 2939 23,2:
605 2851 696 2921 'Cum
719 2857 853 2941 primum
877 2854 1022 2945 possis⁸).'

476 2980 586 3061 Neque
609 2981 672 3044 iam
696 2983 803 3046 mirari
826 2983 899 3047 licet
922 2983 1069 3048 usitatam
1093 2991 1268 3068 temporum
1293 2985 1552 3068 consecutionem,
1576 3003 1670 3064 quam
1693 2989 1724 3046 et
1754 2982 1785 3044 in
1812 2980 1883 3045 aliis
1908 2978 2076 3042 enuntiatis

369 3103 464 3168 saepe
487 3105 507 3150 a
530 3087 747 3152 iureconsultis
770 3089 897 3170 neglegi
920 3087 1065 3173 vidimus,
1103 3097 1173 3173 post
1192 3088 1324 3172 perrude
1351 3109 1387 3154 uc
1410 3090 1448 3173 si,
1490 3093 1641 3170 tauquam
1664 3087 1702 3172 si,
1743 3085 1837 3168 perosi
1859 3085 1925 3149 sim.
1949 3084 2077 3147 minime

369 3193 496 3276 servari,
520 3199 554 3258 ut
577 3193 616 3277 ΙΙ,
643 3194 732 3278 1,ΙΙ;
751 3187 875 3259 ‘Statim
900 3196 1073 3278 acquiritur
1096 3195 1151 3260 tibi
1167 3196 1353 3280 proprietas,
1376 3194 1507 3278 perinde
1524 3214 1562 3258 ac
1578 3196 1604 3258 si
1619 3213 1657 3259 eo
1676 3194 1801 3257 nomine
1817 3191 1934 3256 tradita
1950 3183 2072 3255 fuisset]

369 3298 425 3380 ΙΙΙ,
466 3299 531 3382 1,9;
565 3292 708 3364 ‘Praetor
730 3299 785 3365 dat
808 3301 854 3365 eis
878 3301 1029 3366 bonorum
1061 3303 1288 3386 possessionem
1319 3301 1402 3367 uuerde
1432 3299 1532 3386 tiberi,
1570 3299 1702 3385 perinde
1731 3319 1770 3363 ac
1800 3299 1827 3364 si
1858 3298 1890 3362 in
1921 3303 2076 3382 potestate

369 3405 508 3488 parentis
531 3405 638 3470 mortis
660 3413 801 3491 tempore
825 3401 967 3473 fuissent'
995 3407 1086 3485 Quod
1110 3429 1180 3476 curu
1204 3407 1290 3494 apud
1314 3407 1437 3491 Gaium,
1460 3415 1525 3472 tum
1549 3408 1581 3472 in
1604 3407 1744 3489 Digestis
1766 3411 1861 3485 atque
1884 3407 1915 3468 in
1943 3411 2075 3485 utraque

370 3566 431 3574 -.

480 3617 501 3684 ¹)
519 3619 616 3674 ‘Potes‘
638 3620 759 3675 Huschk.
779 3636 813 3675 ex
832 3621 911 3676 durob.
931 3621 1006 3676 codd.
1026 3621 1095 3676 dett.

478 3705 501 3772 2)
521 3707 564 3761 Sic
582 3725 676 3762 omues
694 3709 770 3763 codd.
790 3739 823 3748 —
843 3709 904 3764 Gai.
923 3710 975 3776 ΙΙΙ,
995 3709 1047 3764 205
1064 3703 1180 3778 ‘potest'

479 3796 503 3864 ³)
522 3795 582 3850 Nou
601 3796 712 3852 difficile
731 3807 774 3852 est
792 3799 904 3868 cognitu
923 3799 994 3854 trude
1012 3800 1038 3853 h.
1058 3796 1075 3853 i.
1095 3799 1285 3854 corriuuctivus
1299 3799 1428 3854 oriundus
1444 3799 1487 3853 sit.
1508 3799 1607 3854 Scribit
1620 3798 1690 3854 euim
1704 3797 1764 3852 Gai.
1776 3795 1825 3862 IV,
1842 3793 1890 3848 78:
1908 3789 2075 3861 Quaeritur,

369 3886 392 3939 si
412 3886 517 3941 ulieuus
535 3902 657 3942 servus...
685 3903 783 3941 rroxarn
802 3887 967 3942 commiserit
984 3887 1058 3952 mihi,
1090 3899 1118 3943 et
1136 3887 1160 3942 is
1178 3895 1274 3958 postea
1292 3889 1321 3944 iu
1340 3905 1400 3942 meo
1419 3904 1477 3944 esse
1497 3889 1616 3958 coeperit
1634 3893 1780 3957 potestate,
1811 3891 1904 3940 utrum
1928 3883 2077 3938 intercidat

370 3975 449 4042 actio,
483 3992 518 4032 au
537 3976 652 4045 quiscat..
684 3976 776 4030 Nostri
795 3985 985 4046 praeceptores
1003 3976 1166 4033 intercidere
1184 3985 1293 4046 putant,
1326 3976 1391 4046 qrrio
1410 3977 1438 4032 iu
1458 3993 1518 4033 eum
1538 3993 1628 4032 casum
1654 3976 1771 4032 deducta
1797 3975 1841 4040 sit,
1870 3974 1899 4028 iu
1923 3989 1976 4042 quo
2004 3971 2075 4027 actio

369 4065 516 4120 consistere
535 4081 589 4120 uou
608 4057 743 4134 potuerit'

477 4153 501 4222 4)
520 4151 598 4207 Lt'eet
616 4170 676 4210 cum
695 4153 845 4210 indicat-ivo
863 4155 886 4220 I,
907 4153 980 4222 ll,2;
1001 4153 1567 4224 11,12;25,18;11,10‚1;10,10;17‚8;
1592 4151 1644 4221 ΙΙΙ,
1664 4153 1722 4221 1,4;
1742 4152 1800 4220 3,2;
1826 4152 1884 4219 3‚5;
1910 4150 1969 4218 7,4;
1995 4148 2075 4217 10,1;

368 4240 591 4310 Iv,1‚s;7‚4o;
621 4246 680 4310 15,6
697 4246 745 4298 etc.

477 4331 501 4396 5)
522 4329 653 4402 Quorrtvis
671 4348 731 4388 cum
750 4332 863 4388 indicat.
881 4333 904 4398 1,
923 4331 1002 4401 25‚8;
1021 4332 1119 4401 26,13;
1138 4333 1175 4390 II.
1195 4331 1289 4401 20‚20;
1310 4333 1407 4402 20,3d;
1427 4332 1488 4402 6,7;
1507 4333 1560 4400 ΙΙΙ,
1579 4331 1605 4399 9,
1624 4349 1679 4402 pr.;
1701 4331 1776 4399 11‚5;
1794 4331 1843 4398 IV,
1862 4329 1938 4398 o,28;
1959 4329 2003 4396 ut
2023 4335 2075 4384 etc.

477 4421 501 4489 6)
520 4419 585 4498 Q
603 4437 662 4476 cuns
682 4421 864 4477 coniunctiro.
883 4420 918 4488 II,
938 4421 989 4488 7,2.
1009 4451 1042 4462 -
1063 4419 1183 4500 Tmoetsi
1200 4438 1260 4478 cunr
1279 4423 1451 4479 coniunctivo
1469 4422 1521 4488 ΙΠ,
1541 4421 1616 4490 23,3;
1635 4421 1683 4488 IV,
1703 4420 1754 4487 1,3.

477 4509 501 4578 Ι)
520 4511 596 4578 Quod
615 4519 722 4580 tempus
741 4511 895 4566 adhibuisse
914 4485 1111 4567 iureconsusfos
1129 4499 1239 4580 praeter
1257 4519 1350 4568 cetera
1367 4513 1456 4567 iuvat.
1475 4509 1519 4566 Sic
1536 4509 1565 4566 iu
1578 4507 1710 4578 exemplis
1728 4507 1876 4564 offerendis
1894 4514 1956 4577 post
1968 4505 2001 4570 si,
2020 4505 2079 4572 sin,

368 4597 476 4666 quodsi,
497 4613 557 4652 curu
576 4600 635 4654 sim.
653 4599 722 4655 iilud
740 4615 839 4669 ponere
858 4611 1068 4656 consueverunt.
1087 4599 1181 4670 Neque
1200 4615 1266 4656 uero
1285 4601 1489 4656 coniurrotivum
1507 4599 1624 4670 perfecti
1643 4599 1671 4654 id
1699 4609 1807 4668 tempus
1834 4597 1985 4668 putandum
2017 4611 2077 4651 esse

369 4689 470 4757 passim
489 4689 606 4758 Digesta
624 4689 713 4758 prima
731 4705 847 4758 persona
865 4689 955 4758 posita
974 4690 1170 4751 demonstrant.
1191 4699 1223 4745 ut
1241 4691 1284 4757 41,
1306 4691 1330 4756 1,
1350 4689 1374 4756 7,
1395 4689 1429 4744 13
1449 4688 1495 4758 (ex
1515 4688 1568 4744 Gai
1586 4688 1659 4744 Gott.
1684 4688 1702 4744 Ι.
1731 4685 1774 4754 2):
1794 4679 1834 4742 ‘Si
1852 4686 1970 4742 alienam
1997 4685 2076 4755 plan·

370 4781 428 4832 tam
446 4777 474 4831 iu
494 4792 552 4832 meo
571 4775 627 4832 soto
646 4770 765 4847 posuero'
789 4777 871 4846 (quod
890 4777 1045 4834 Dorotheus
1064 4777 1102 4844 ΙΙ,
1122 4778 1182 4845 1,31
1203 4786 1294 4834 mutat
1310 4770 1345 4834 ‘si
1364 4779 1481 4834 Titius...
1501 4771 1653 4848 posuerit),
1686 4777 1731 4832 rel
1763 4777 1835 4832 eod:
1865 4769 1904 4830 ‘Si
1936 4765 2073 4844 scripsero'

366 4865 536 4934 (Dorotheus
552 4857 587 4920 ‘si
606 4866 695 4922 Titius
714 4860 883 4937 scripserit.)

477 4952 501 5021 8)
521 4953 562 5008 Ex
581 4954 643 5010 Gai.
663 4951 700 5023 ΙΙ,
719 4954 779 5010 250.
