4784 6026
1151 553 1369 619 -20-

514 766 664 832 Videmus
689 768 783 849 igitur
807 767 949 831 omnibus
974 767 1035 831 illis
1059 768 1143 848 locis,
1182 769 1322 853 exceptis
1344 767 1476 850 (luobus,
1508 767 1621 850 quihus
1645 768 1744 832 maior
1768 768 1991 832 coniunctionis
2010 768 2112 832 verbi-

402 894 466 958 que
490 875 571 939 inter
593 893 627 939 se
650 873 798 938 distantia
822 874 913 956 quasi
936 872 1097 956 quandam
1121 875 1338 958 neglegentiae
1372 865 1497 938 reniam
1525 872 1589 956 dat,
1622 893 1642 938 a
1674 873 1833 939 Dorotheo
1866 881 1934 958 post
1954 870 2042 939 ‘odeo
2069 877 2113 938 ut'

406 979 611 1046 indicativum
634 981 767 1064 positum
791 999 868 1044 esse.
892 978 1009 1062 Quare,
1039 1000 1110 1045 cunr
1134 981 1279 1047 librarios
1302 983 1354 1046 rix
1378 979 1527 1046 credibile
1551 981 1590 1046 sit
1613 981 1802 1046 sescentiens
1825 987 1895 1064 post
1918 979 2018 1046 solam
2042 1001 2113 1046 con-

405 1089 593 1152 iunctionem
632 1091 669 1150 ot
701 1087 862 1170 proprium
892 1087 959 1151 eius
991 1086 1119 1153 modurn
1142 1089 1399 1171 transcripsisse,
1436 1089 1467 1153 in
1491 1088 1655 1172 particulis
1684 1086 1759 1153 odeo
1783 1093 1818 1152 ut
1853 1087 2025 1153 coniunctis
2049 1096 2114 1152 tam

407 1214 503 1278 saepe
527 1213 685 1279 peccasse,
724 1193 875 1258 Dorothei
909 1193 990 1258 huuc
1023 1215 1090 1260 esse
1110 1195 1327 1260 soloecismum
1358 1195 1544 1276 reiectisque
1568 1193 1722 1258 Huschkii
1746 1194 1950 1277 plurimorum
1975 1196 2114 1259 locorum

407 1301 686 1382 emendationibus,
710 1301 860 1364 librorum
883 1301 1032 1365 lectiones
1055 1321 1114 1382 ego
1138 1301 1254 1385 ubique
1277 1300 1485 1366 restituendas
1508 1319 1576 1365 esse
1600 1300 1723 1364 censui:
1748 1298 1803 1364 sed
1827 1300 1850 1382 l,
1875 1301 1927 1383 23,
1950 1321 2014 1384 pr.:
2042 1297 2114 1379 ‘Qui

405 1409 479 1474 licet
503 1407 638 1491 puberes
661 1408 730 1487 sint,
754 1405 858 1472 adhuc
882 1413 987 1471 tamen
1012 1407 1102 1473 huius
1125 1410 1238 1474 aetatis
1261 1415 1340 1490 sunt,
1374 1415 1406 1472 ut
1429 1408 1554 1490 negotia
1579 1426 1638 1472 sna
1660 1407 1741 1472 tucri
1763 1427 1825 1471 non
1850 1405 1994 1492 possunt’,
2033 1428 2114 1491 quac

407 1523 549 1580 neutram
573 1516 805 1580 excusationem
829 1512 1005 1596 admittunt,
1048 1514 1192 1580 librarios
1222 1516 1288 1580 eius
1318 1516 1385 1578 ritii
1415 1515 1659 1579 insinurtarerirn
1691 1515 1952 1597 Kruegerumque
1991 1523 2115 1580 secutus

404 1611 539 1706 ‘possint'
566 1621 753 1704 scripserim.

514 1747 554 1810 At
578 1747 673 1811 ctiam
698 1747 728 1809 in
752 1747 924 1829 posteriorc
947 1752 1038 1830 parte
1069 1745 1201 1810 subinde
1229 1745 1432 1810 indicativum
1465 1746 1674 1810 coniunctioni
1698 1751 1733 1810 at
1756 1745 1938 1811 adiunctum
1962 1747 2112 1830 legimus:

407 1873 485 1936 quos
508 1871 615 1918 omnes
640 1854 724 1917 locos
747 1851 928 1916 Husclrlrius
952 1852 1036 1916 baud
1060 1853 1124 1916 scio
1147 1873 1188 1916 au
1204 1873 1266 1917 non
1286 1854 1366 1918 iusto
1387 1854 1452 1918 iure
1472 1853 1703 1932 errrendarcrit3
1728 1859 1761 1917 ut
1784 1853 1840 1916 ΙΙΙ.
1868 1857 1893 1934 1,
1921 1857 1980 1917 ltt:
2000 1851 2114 1932 ‘eram

408 1962 664 2026 Constitutiouenr
690 1969 827 2025 nostram
851 1959 1017 2023 obtinere...
1052 1960 1299 2024 saucirnus:'ita
1335 1967 1439 2024 tamen
1479 1955 1553 2042 ιη’),
1587 1957 1850 2041 quemadmodum
1880 1961 1960 2024 iuter·
1983 1961 2062 2026 tilios
2086 1969 2116 2026 et

408 2077 538 2153 nepotes
560 2089 600 2134 ex
624 2069 687 2130 titio
711 2067 881 2149 antiquitas
905 2067 1011 2130 statuit
1036 2085 1098 2130 non
1122 2067 1153 2129 in
1177 2066 1281 2148 capita
1312 2065 1367 2130 sed
1392 2067 1423 2128 in
1456 2067 1569 2150 stirpes
1597 2065 1695 2129 dividi
1724 2065 1937 2146 hereditatem,
1976 2067 2116 2132 similiter

408 2196 465 2240 nos
489 2177 568 2240 inter
591 2175 671 2238 lilios
694 2180 724 2236 ct
748 2179 877 2255 nepotes
900 2193 939 2237 ex
963 2171 1029 2236 filia
1051 2171 1300 2236 distributionem
1324 2173 1390 2237 lieri
1414 2171 1557 2236 iubemus
1580 2165 1653 2252 etc',
1693 2171 1747 2235 urbi
1770 2171 1958 2236 indicativus
1981 2173 2114 2238 eandem

409 2283 523 2346 nimiae
547 2280 714 2345 distantiae
738 2281 970 2344 exornationem
997 2278 1099 2362 habet,
1123 2298 1219 2362 quam
1242 2278 1327 2362 apud
1351 2277 1543 2342 Dorotheum
1561 2279 1731 2342 statuimus.
1756 2277 1863 2342 Simile
1887 2286 1932 2343 est
1949 2279 2004 2362 lll,
2028 2286 2057 2352 2,
2083 2281 2116 2343 i:

406 2387 568 2454 'Placebat
591 2389 622 2450 in
647 2407 684 2452 eo
707 2406 822 2466 genere
845 2385 1119 2472 percipiendarum
1144 2385 1349 2451 lrcreditatrun
1374 2386 1600 2450 successionem
1624 2404 1685 2449 non
1709 2405 1786 2467 esse,
1810 2384 1842 2450 id
1866 2393 1912 2450 est
1935 2393 1976 2466 ut,
2007 2407 2115 2469 quam-

408 2497 455 2560 vis
479 2496 647 2579 proximus
690 2495 769 2576 qui...
794 2501 923 2558 uocatur
947 2493 986 2558 ad
1013 2492 1226 2574 hereditatem,
1265 2499 1319 2556 aut
1342 2493 1494 2576 spreverit
1519 2490 1723 2556 hereditatem
1751 2499 1806 2556 aut
1828 2500 1997 2574 antequam
2021 2492 2115 2556 adeat

405 2601 585 2684 (lacesserit,
608 2599 706 2664 nihilo
729 2601 830 2682 magis
854 2601 992 2682 legitimo
1016 2601 1083 2664 iure
1108 2607 1272 2681 sequentes
1295 2587 1564 2682 arlmittuutur⁷²);
1594 2598 1649 2679 lll,
1675 2598 1703 2679 i,
1728 2600 1765 2661 2:
1785 2590 1931 2662 ‘Cautum
1954 2605 2000 2662 est
2024 2601 2115 2680 enim,

410 2720 443 2772 ut
467 2729 506 2772 ex
531 2707 620 2772 bonis
644 2708 719 2788 eins,
743 2707 796 2786 qui
820 2707 1030 2770 sestertiorum
1055 2713 1178 2770 centuni
1201 2705 1320 2770 milium
1345 2706 1567 2788 patrimonium
1590 2705 1750 2786 reliquerit
1780 2713 1811 2770 et
1835 2707 1998 2788 pauciores
2021 2726 2116 2788 quam

407 2823 470 2881 tres
493 2815 608 2880 liberos
632 2813 777 2896 babebat,
801 2814 865 2876 sire
890 2814 915 2876 is
939 2821 1126 2878 testamento
1147 2815 1229 2878 t'acto
1252 2813 1318 2877 sire
1342 2813 1487 2876 intestato
1510 2819 1649 2876 mortuus
1672 2820 1748 2895 erat,
1772 2813 1870 2877 virilis
1893 2833 1968 2896 pars
1983 2821 2115 2898 patrono

406 2915 648 3007 ‹lebelratur'³');
673 2921 725 3003 ll',
753 2920 801 3002 15,
826 2921 870 2984 b:
904 2919 939 2984 ltl
964 2927 1068 3003 estut,
1091 2921 1235 3001 qrramris
1251 2938 1352 3000 neque
1368 2921 1434 3004 ipsc
1451 2920 1489 2983 sit
1513 2920 1544 2982 in
1560 2919 1755 3002 possessione
1778 2937 1879 3001 neque
1903 2921 1969 2984 eius
1993 2923 2116 2985 nonriue

409 3031 498 3112 alius,
522 3037 627 3092 tamen
652 3028 677 3091 si
702 3047 762 3092 non
787 3025 1012 3107 relinquendae
1036 3027 1240 3110 possessionis
1263 3027 1377 3109 animo,
1416 3025 1471 3090 scd
1495 3032 1604 3109 postca
1627 3043 1810 3090 reuersurus
1833 3024 1906 3092 inde
1929 3027 2113 3111 discesserit,

410 3138 543 3202 retinere
567 3135 796 3220 possessionem
820 3132 992 3218 ridetur‘.⁴)
1015 3132 1078 3198 seo
1103 3134 1159 3216 lll,
1186 3136 1235 3216 tu,
1262 3137 1317 3196 ltt:
1336 3133 1381 3198 ‘Si
1405 3133 1474 3214 quis
1498 3133 1572 3196 velit
1595 3131 1653 3196 hoo
1677 3133 1790 3214 fucere,
1815 3153 1949 3217 poenam
1973 3136 2114 3219 stipulari

405 3242 579 3324 conveniet,
603 3248 645 3320 ut,
669 3239 728 3302 nisi
752 3238 796 3302 ita
820 3241 935 3304 tactum
959 3239 1007 3318 sit,
1032 3246 1063 3302 ut
1088 3238 1346 3321 comprehensum
1370 3235 1452 3321 esth,
1476 3239 1685 3303 cornmittctur
1700 3259 1821 3322 poenae
1845 3241 2005 3324 stipulatio
2020 3245 2113 3306 eriam

407 3350 445 3431 ei,
462 3348 549 3412 cuius
574 3344 649 3409 nihil
674 3339 925 3410 interest-ubi
946 3343 1141 3410 Schraderus
1158 3347 1341 3429 scriptorem
1362 3344 1534 3418 ‘deficiente
1557 3347 1652 3410 futuri
1676 3347 1882 3429 coniunctivo,
1906 3349 2118 3429 grammaticis

409 3456 527 3537 regulis
551 3473 590 3517 cx
615 3453 765 3517 industria
792 3453 951 3532 neglectis.
975 3451 1016 3516 acl
1041 3471 1166 3516 sensum
1190 3450 1354 3535 scripsisse
1383 3453 1581 3536 suspicatur3
1616 3471 1677 3532 ego
1701 3451 1827 3534 quidem
1852 3453 2046 3518 Husoblrium
2071 3473 2117 3518 se-

408 3569 497 3627 cutus
522 3561 684 3626 lectionem
715 3560 881 3622 multorum
913 3556 1002 3622 codd.
1035 3559 1096 3622 iutl'.
1123 3556 1352 3624 ‘rorumittatur'
1385 3561 1523 3643 recipere
1553 3560 1741 3623 maluerim:
1773 3561 1908 3640 itemque
1930 3561 1981 3644 ΙΙΙ,
2008 3563 2034 3640 1,
2062 3562 2116 3622 lat:

406 3665 507 3732 ‘Adeo
532 3665 656 3748 quidem
683 3674 723 3744 ut,
748 3667 890 3747 quamuis
915 3667 980 3748 ipse
1004 3665 1126 3730 delritor
1150 3687 1219 3730 «cerm
1244 3687 1309 3731 rem
1333 3667 1525 3752 surripuerit,
1557 3665 1652 3730 nihilo
1675 3667 1777 3730 minus
1800 3665 1945 3731 creditori
1968 3668 2115 3751 competit

518 3915 539 3982 ¹)
559 3916 678 3972 Huschk.
698 3922 794 3970 contra
812 3915 930 3970 omniurn
949 3914 1026 3969 codd.
1048 3915 1250 3982 auctoritatem,
1271 3917 1401 3985 Paraplrr.
1422 3932 1516 3986 parum
1535 3917 1687 3972 minuente
1707 3915 1753 3972 'ut'
1787 3919 1936 3988 expungit:
1961 3935 2031 3988 quae
2057 3937 2118 3974 ron-

411 4007 515 4061 iunctio
534 4006 583 4060 hoc
602 4005 747 4060 verborum
765 4010 896 4059 contextu
915 4002 963 4058 vix
981 4003 1076 4058 deesse
1095 4009 1195 4073 potest.

516 4093 541 4160 ²)
561 4094 615 4148 Gai
634 4089 687 4160 Ill,
707 4093 741 4146 hl
754 4115 760 4148 :
775 4087 858 4146 ‘Item
877 4093 997 4161 proximo
1017 4099 1120 4161 agnato
1139 4109 1193 4148 nou
1212 4093 1332 4148 adeunte
1352 4093 1541 4156 hereditatem,
1561 4092 1644 4147 nihilo
1663 4093 1752 4162 magis
1772 4109 1888 4162 sequens
1906 4095 1965 4150 iure
1992 4093 2116 4164 legitimo

407 4176 587 4238 admittitur:
607 4199 687 4251 quem
706 4181 759 4236 Gai
779 4181 867 4237 locum
886 4181 1051 4252 Theophilus
1070 4179 1200 4250 ampliore
1228 4182 1371 4238 verborum
1397 4183 1513 4238 circuitu
1537 4189 1676 4238 exstructo
1708 4183 1890 4250 neglegenter
1921 4184 2051 4238 mutarit.
2084 4212 2117 4222 -

409 4272 565 4329 Huschkius
584 4272 684 4326 iterum
704 4287 738 4326 ex
757 4271 841 4326 solius
859 4271 1039 4339 Paraphrasis
1058 4271 1223 4326 auctoritate
1242 4269 1459 4327 coniunctionem
1475 4264 1524 4328 ‘ut'
1547 4272 1660 4327 omittit.

515 4359 539 4428 ³)
559 4360 612 4416 Gai
630 4361 681 4421 ΙΙΙ,
700 4360 749 4414 42:
766 4353 842 4414 ῐΙΙΙ...
861 4356 1011 4424 debeatur',
1030 4360 1101 4429 quod
1121 4359 1190 4415 male
1210 4359 1385 4430 exscripsisse
1405 4359 1516 4417 videtur
1535 4361 1709 4432 Theophilus.
1736 4361 1892 4418 Huschhius
1918 4363 1992 4418 rrutlo
2022 4362 2111 4416 codiee

409 4451 560 4507 adiurante
577 4447 749 4505 ‘deberetur‘

518 4539 541 4604 4)
561 4539 623 4594 Gai.
642 4537 689 4605 lv,
710 4539 775 4593 aas:
794 4531 962 4594 ‘Videamus
990 4537 1145 4593 Huschkius
1165 4554 1198 4593 ex
1218 4539 1310 4608 paucis
1329 4537 1404 4594 codd.
1430 4539 1489 4594 intr.
1512 4532 1666 4606 ‘rideatur'
1694 4541 1812 4595 fortasse
1837 4541 1905 4596 iure.
1935 4537 2012 4594 Hauc
2044 4537 2117 4594 eninr

410 4631 473 4694 §rum
492 4629 663 4685 librariorum
682 4629 761 4684 uitiis
779 4629 852 4683 haurd
871 4626 1043 4682 mediocriter
1061 4627 1186 4682 laborare
1205 4628 1289 4682 etiarn
1308 4629 1468 4698 sequentia:
1485 4621 1632 4698 ‘Adispisci
1658 4645 1723 4685 vero
1751 4627 1948 4699 possessionem
1976 4643 2025 4697 per
2049 4644 2115 4696 qnos

409 4718 509 4786 aliquis
528 4725 627 4788 potest,
648 4718 765 4773 secundo
784 4717 852 4772 libro
872 4716 1053 4786 exposuimus.
1073 4733 1122 4772 nec
1141 4717 1198 4772 ulle
1216 4717 1351 4773 dubitatio
1372 4725 1422 4782 est,
1442 4713 1508 4786 quin
1527 4717 1616 4774 animo
1636 4719 1691 4773 solo
1711 4718 1908 4788 possessionem
1934 4715 2047 4786 adipisci
2073 4732 2118 4770 ue-

409 4823 452 4862 mo
472 4800 567 4875 potest
591 4807 696 4869 docent,
716 4807 763 4862 ubi
782 4799 985 4876 prius‘potest'
1004 4806 1032 4860 in
1051 4805 1214 4869 consuluit,
1235 4811 1267 4860 ut
1286 4807 1421 4874 posterius
1440 4822 1488 4876 pro
1505 4799 1618 4876 ‘possit',
1638 4807 1709 4876 qnod
1727 4807 1803 4862 codd.
1823 4805 1848 4861 6.
1873 4807 1915 4860 18.
1935 4805 1968 4860 at
1993 4805 2115 4862 retinue-

410 4903 483 4961 runt,
504 4897 645 4966 irreperet.
666 4897 749 4952 lliror
767 4896 937 4952 Huschkium
956 4897 983 4952 irl
1002 4913 1056 4952 non
1079 4895 1236 4960 correxisse,
1265 4911 1325 4950 cnm
1343 4895 1418 4950 nullo
1437 4895 1490 4950 alio
1509 4896 1719 4952 Institutionum
1732 4895 1789 4951 loeo
1808 4894 1962 4952 coniunctio
1976 4892 2044 4960 quta
2059 4908 2119 4946 curu

408 4984 559 5038 indicativo
578 4985 668 5054 posita
692 4984 860 5040 inveniatur.

518 5073 542 5138 ⁵)
563 5073 615 5128 Sic.
634 5074 666 5130 u.
686 5073 750 5140 stig.
769 5073 812 5138 ts,
836 5075 859 5140 l,
879 5074 922 5140 38,
943 5073 985 5129 17.
1005 5073 1104 5142 reliqui
1123 5073 1199 5128 codd.
1216 5064 1313 5128 ‘esset'
